3000 5272
210 403 273 461 282
655 400 842 461 KAROlUS.

213 531 335 618 fieret,
355 532 392 605 in
410 558 484 631 quo
502 559 558 604 res
583 532 736 606 invicem
753 549 861 631 gestae
878 530 1034 630 proferri
1054 520 1093 605 et
1114 531 1266 605 euucude

212 648 312 719 tione
338 646 444 748 digua
475 647 570 720 inter
600 663 717 747 partes
748 646 952 719 enumerari
979 646 1038 745 (r)
1066 647 1268 746 potuissent.

212 760 294 835 Non
313 759 441 833 abnuit
463 762 681 861 imperator3
704 760 1001 861 colloquiumque
1018 775 1122 833 trous
1142 758 1271 833 Albim

212 875 378 951 habitum
396 905 480 951 cum
493 877 716 978 primoribus
733 879 920 951 Danorum
928 930 940 965 ,
959 877 997 949 iu
1015 875 1102 953 loco
1116 877 1185 979 qui
1198 876 1274 951 tliu'·

213 1009 274 1067 tur
297 995 501 1069 Badenlliot
523 999 597 1094 (a),
623 995 817 1095 multisque
843 993 928 1067 hinc
957 1010 995 1069 et
1020 993 1108 1069 iude
1138 994 1276 1095 prolatis

211 1126 319 1213 atque
332 1115 549 1186 enumeratis
567 1111 697 1201 rebus,
716 1112 864 1212 negotio
880 1112 1023 1209 penitus
1038 1111 1204 1205 infecto,
1215 1112 1276 1185 dis·

211 1252 348 1300 cessum
370 1242 435 1299 est.
456 1226 615 1301 Thrasco
640 1253 748 1314 vero,
775 1225 847 1298 dux
871 1224 1164 1315 Abodritorum,
1190 1242 1275 1327 port·

211 1368 319 1443 quam
352 1343 466 1415 lilium
504 1371 609 1416 suum
648 1343 845 1443 postulanti
878 1341 1084 1417 Godotrito
1122 1342 1275 1419 obsidem

210 1458 374 1548 dederat,
391 1461 538 1535 collecta
553 1462 784 1562 popularium
798 1487 929 1550 mauu,
945 1460 1135 1537 eteuxilio
1147 1488 1170 1536 a
1180 1464 1276 1537 saxo

213 1575 319 1649 nibus
339 1592 505 1677 accepto,
527 1580 664 1654 ricinos
688 1578 941 1652 suosWiltuos
961 1604 1169 1680 aggressus,
1187 1604 1276 1681 agtus

212 1718 339 1766 corum
360 1693 460 1768 ferro
480 1710 516 1768 et
539 1696 622 1795 igne
638 1709 752 1767 vastat
767 1695 843 1792 (ὅ),
869 1718 1120 1795 regressusque
1137 1694 1275 1771 domun

212 1835 295 1883 cum
313 1812 450 1912 ingenti
467 1811 605 1912 praeda,
626 1829 771 1912 accepto
791 1813 923 1885 iterum
939 1839 958 1884 a
974 1812 1186 1887 saxonibus
1200 1813 1276 1886 vali·

211 1925 306 2000 diori
323 1930 477 2018 auxilio,
497 1929 788 2030 smeldingorum
806 1931 998 2003 maximam
1016 1932 1205 2007 civitatem
1224 1958 1273 2007 ex·

211 2062 371 2144 pugnat,
395 2062 503 2148 atque
524 2045 579 2119 his
601 2046 819 2122 successibus
835 2073 961 2122 omnes
977 2049 1041 2148 qui
1058 2048 1107 2121 ab
1123 2075 1172 2125 eo
1186 2048 1274 2125 dele·

213 2179 355 2252 cerunt,
387 2165 431 2237 ad
461 2192 558 2237 suam
592 2166 800 2238 societatem
824 2166 956 2238 reverti
985 2168 1120 2267 coegit.
1151 2168 1215 2241 llis
1236 2167 1273 2238 ita

212 2283 337 2380 gestis,
355 2283 551 2383 imperator
563 2284 606 2357 de
623 2282 817 2357 Arduenna
831 2282 950 2383 Aquas
966 2310 1153 2373 reversus,
1167 2310 1275 2359 meuse

214 2398 429 2474 novembrio
447 2401 642 2475 concilium
659 2399 786 2472 habuit
804 2400 848 2473 de
872 2401 1105 2499 processione
1130 2402 1274 2502 Spiritus

213 2514 362 2605 Sancti,
387 2544 498 2617 quam
517 2518 757 2618 quaestionem
780 2517 963 2590 Johannes
984 2516 1138 2617 quidam
1162 2542 1275 2593 meua·

214 2628 301 2704 chus
315 2634 576 2734 Hierosolymis
586 2635 707 2733 primo
720 2633 938 2721 commovit;
953 2635 1054 2731 cujus
1070 2632 1275 2709 definiente

214 2773 314 2820 causa
332 2749 549 2824 Bernharius
567 2752 622 2849 (4)
642 2752 829 2849 episcopus
840 2751 1114 2825 Wormacensis
1130 2768 1172 2826 et
1183 2748 1276 2825 Adol-

214 2862 344 2938 hardus
364 2870 419 2966 (5)
435 2865 544 2940 abbas
559 2869 769 2941 monasterii
785 2867 950 2943 Corbeioe
967 2868 1122 2941 Romam
1138 2868 1185 2943 ad
1200 2870 1275 2942 lieu

214 3005 298 3052 nem
311 3008 440 3081 papam
458 2983 555 3055 missi
573 2998 671 3054 sunt.
687 2981 874 3082 Agitatum
895 3000 948 3056 cst
969 2984 1079 3057 etium
1102 2985 1143 3058 in
1161 2982 1273 3059 eodem

214 3099 371 3172 concilio
389 3099 434 3173 dc
454 3114 549 3171 statu
563 3098 792 3173 ecclesiarum
808 3115 846 3172 et
865 3101 1144 3175 conversatione
1158 3123 1273 3176 eorum

214 3216 276 3313 qui
290 3216 325 3287 in
336 3217 386 3289 cis
396 3216 473 3290 Deo
484 3217 617 3289 servire
630 3215 816 3307 dicuntur,
834 3244 901 3291 nec
914 3217 1050 3317 aliquid
1063 3233 1187 3294 tumen
1199 3214 1273 3291 defi·

216 3332 333 3402 nitum
344 3348 396 3404 est
406 3349 558 3431 propter
566 3359 704 3419 rerum,
716 3332 968 3423 utvidebatur,
980 3334 1268 3435 magnitudinem·

249 3603 287 3673 (r)
305 3602 419 3656 Freher.
435 3602 587 3657 emendari.
600 3603 642 3657 lta
655 3601 755 3658 Annal.
770 3602 875 3656 Bertiu.
890 3611 920 3656 et
931 3618 1033 3656 unuse
1049 3599 1135 3657 codd.
1147 3602 1253 3657 taurus

249 3692 288 3761 (a)
306 3690 349 3744 lta
361 3689 429 3763 legit
442 3690 522 3744 Pertz
534 3708 598 3757 eum
607 3689 746 3764 plerisque
755 3688 836 3743 codd.
848 3719 880 3729 -
888 3687 958 3743 eod.
968 3676 1135 3745 vindobon.
1148 3684 1264 3745 ruotdr-

214 3775 357 3849 denflrotlt.
375 3777 509 3849 Amberg.
526 3778 688 3849 Batenstr'ot.
704 3778 827 3832 Nueuar.
846 3793 937 3831 comes
956 3799 961 3829 ε
978 3774 1147 3851 Baderfir'et.
1161 3806 1192 3819 -
1203 3776 1261 3832 lm.

214 3865 323 3933 loisel,
338 3867 365 3921 S.
379 3866 485 3920 Bertini
500 3877 529 3920 et
545 3866 696 3939 Engolism.
711 3867 812 3920 Melae.

249 3953 287 4025 (3)
305 3954 395 4009 Codd.
412 3956 538 4009 Hannov.
551 3965 579 4008 et
597 3954 774 4008 Vindoboun.
792 3972 840 4007 110
852 3963 959 4026 ctqqo:
975 3956 1108 4009 vastavit.

249 4046 287 4113 (l)
306 4043 360 4097 ntt.
376 4044 540 4101 Berrrarr'us,
559 4042 738 4108 Bernartius,
755 4042 940 4097 Bernhcrtus.

249 4134 287 4205 (ἦ)
308 4135 361 4188 att.
377 4134 555 4191 Arlnlrudrrr.
572 4134 767 4193 Adellrurdus.
782 4134 957 4189 Alnlrurdus.
