3000 5272
93 434 96 441 ι
211 399 272 459 sit
649 377 837 457 nanctus,

211 528 339 602 cendio
373 542 637 602 concrematum
668 543 730 600 est.
764 524 817 598 lbi
845 541 963 599 tamen
986 548 1220 624 permanens,
1239 541 1274 597 et

211 642 373 717 Natalem
397 644 543 716 Domini
574 657 609 714 et
649 640 778 714 Pascha
800 666 902 714 more
932 640 1083 714 solemni
1114 637 1273 715 celebra·

213 761 301 858 vit(
326 762 353 856 ).

652 1318 838 1391 Dccxcl.

266 1478 456 1551 Transacta
470 1481 571 1551 verni
587 1479 757 1576 temperie
772 1479 849 1576 (2),
866 1478 957 1549 cirea
970 1477 1104 1548 aestatis
1117 1476 1269 1562 initium,

215 1620 278 1668 rex
299 1593 344 1668 de
360 1594 568 1668 Wormacia
588 1619 757 1683 movens,
785 1593 981 1692 Bajoariam
1001 1590 1190 1692 profectus
1206 1606 1271 1678 est,

215 1737 254 1784 ea
271 1710 503 1784 meditatione
519 1710 595 1809 (ὅ),
613 1725 655 1781 ut
670 1710 785 1782 Hunis
800 1707 979 1781 factorum
997 1732 1148 1781 suorum
1165 1707 1273 1781 ricem

217 1825 402 1919 redderet,
424 1842 461 1900 et
476 1827 544 1915 cis,
558 1842 696 1927 quanto
723 1826 872 1899 celerius
890 1827 945 1925 (4)
969 1840 1109 1926 posset,
1143 1824 1273 1899 bellum

215 1945 380 2018 inferret.
399 1945 619 2043 Comparatis
632 1946 743 2042 igitur
762 1943 806 2015 ad
822 1943 891 2016 boc
907 1969 951 2016 ex
962 1945 1063 2017 omni
1081 1968 1200 2042 regno
1215 1964 1272 2014 suo

216 2084 325 2161 quam
354 2059 576 2131 validissimis
595 2061 725 2156 copiis,
754 2075 791 2132 et
808 2056 1065 2131 commeatibus
1082 2082 1273 2158 congrega-

216 2176 263 2248 tis
274 2176 343 2275 (5),
363 2175 534 2273 bipartito
551 2177 708 2248 exercitu
726 2176 795 2246 iter
806 2200 909 2272 agere
926 2175 1050 2273 coepit.
1070 2173 1184 2272 Cujus
1198 2200 1273 2274 par-

215 2306 290 2367 tem
307 2290 536 2364 Theodorico
557 2292 682 2363 comiti
704 2305 741 2364 et
763 2290 981 2391 Meginfrido
1001 2292 1205 2366 camerario
1228 2290 1273 2388 (6)

216 2424 283 2481 s'uo
303 2407 555 2493 committens,
574 2430 636 2478 cos
651 2431 716 2505 per
733 2405 973 2506 aquilonalem
990 2404 1150 2478 Danubii
1167 2406 1273 2506 ripam

218 2527 287 2598 iter
301 2550 404 2624 agere
415 2523 533 2621 jussit.
550 2524 627 2621 lpse
642 2547 724 2594 cum
743 2523 810 2593 alia
826 2538 927 2621 parte
941 2548 1050 2622 qnam
1062 2546 1191 2596 mum
1202 2522 1272 2596 acti·

216 2643 318 2727 nuit,
343 2641 531 2713 australem
555 2639 713 2738 ejusdem
728 2638 888 2712 lluminis
914 2640 1030 2738 ripam
1055 2639 1273 2715 Pannoniam

216 2760 396 2857 petiturus
442 2759 650 2857 occupavit,
689 2758 859 2855 Bajoariis
902 2783 985 2829 cum
1021 2754 1272 2831 commeatibus

217 2875 410 2957 exercitus,
426 2873 488 2970 qui
508 2871 657 2943 navibus
673 2870 957 2959 devehebantur,
985 2898 1052 2970 per
1072 2870 1271 2947 Ihndsium

214 2987 365 3063 secunda
391 3012 477 3087 aqua
504 2986 714 3060 descendere
733 2989 850 3084 jussis.
876 2988 929 3060 Ac
952 2989 1002 3060 sic
1028 2987 1206 3065 inchoato
1223 2989 1272 3061 iti·

214 3130 319 3190 nere,
337 3103 452 3200 prima
467 3116 576 3171 castra
593 3128 699 3200 super
710 3102 866 3174 Anesum
881 3103 937 3201 (7)
949 3103 1065 3201 posita
1075 3120 1186 3193 sunt3
1199 3126 1271 3177 nm

214 3220 243 3290 is
256 3217 384 3291 fluvius
402 3217 497 3288 inter
512 3215 757 3313 stoariorum
771 3233 878 3317 atque
892 3219 1085 3290 Hunorum
1103 3219 1270 3292 terminos

213 3333 351 3407 medius
364 3357 511 3404 currens
520 3384 531 3418 ,
547 3346 664 3404 certus
680 3332 834 3405 duorum
849 3359 1045 3433 regnorum
1055 3332 1162 3408 limes
1174 3330 1269 3407 baba*

247 3601 286 3670 (ι)
304 3599 340 3652 D.
353 3597 442 3669 bouq.
458 3614 522 3649 cum
535 3595 658 3650 Nuenar.
672 3597 773 3651 comite
787 3619 792 3648 ε
808 3606 834 3650 et
846 3605 974 3650 sanctum
991 3595 1105 3651 Pascha
1117 3596 1265 3653 celatum.

247 3689 286 3759 (a)
304 3685 411 3741 Iidem:
429 3686 585 3739 Transacto
599 3705 674 3740 vere.

247 3773 285 3846 (3)
304 3771 392 3830 eodo.
409 3773 535 3826 Hannov.
546 3782 574 3825 et
588 3772 748 3827 Vindobon.
767 3789 815 3826 iio
827 3783 856 3826 et
868 3790 922 3846 99⁰
936 3795 943 3825 t
958 3791 992 3827 ea
1002 3771 1172 3832 conditione.

247 3866 286 3935 (4)
304 3862 426 3917 Nuenar.
440 3877 531 3914 comes
544 3869 573 3914 et
584 3861 617 3915 D.
632 3862 720 3935 Bouq.
734 3878 818 3934 quam
829 3864 958 3932 numum.

248 3953 287 4024 (5)
309 3952 493 4023 congregatis
506 3949 582 4003 deest
596 3950 668 4023 apud
682 3950 759 4006 eosd.
772 3961 800 4005 et
813 3951 842 4005 in
855 3950 916 4006 cod.
927 3950 1035 4005 Toevtr.

246 4043 284 4112 (6)
303 4041 391 4096 Iidem
406 4065 411 4092 ;
428 4039 607 4094 cubiculario.

247 4135 285 4206 (7)
304 4130 347 4187 ΑΙ.
363 4133 492 4185 Anisnm.
