3000 5272
210 399 270 458 202
654 395 843 457 motus,

214 542 293 602 tens
311 539 353 597 ut
369 524 603 626 interregem
622 539 730 625 atque
753 525 856 599 illum
879 525 1056 601 mediator
1075 528 1174 625 pacis
1197 527 1274 603 lieri

212 645 433 746 dignaretur.
464 644 538 717 Nec
560 644 724 743 pontifex
751 641 918 744 precibus
944 647 1019 744 ejus
1043 647 1186 720 censuit
1209 645 1276 719 ab·

211 758 418 846 nuendum,
434 757 494 833 sed
507 774 640 859 quanta
653 760 774 858 potuit
791 760 959 833 instantia
970 761 1028 859 (1)
1045 758 1141 859 apud
1156 787 1275 861 reffim

212 875 435 951 intercedere
450 877 608 965 curavit,
626 891 668 948 nt
692 877 787 951 inter
803 903 863 952 ecs
882 903 951 976 pax
968 893 1006 951 et
1023 876 1220 953 concordia
1234 902 1276 951 ex

213 1019 288 1067 suae
303 992 509 1092 apostolicae
526 995 750 1067 auctoritatis
773 993 1019 1071 admonitione
1034 1010 1147 1094 atque
1163 994 1278 1069 inter·

213 1109 384 1185 ventione
398 1111 619 1209 proveniret.
638 1111 704 1183 Cui
721 1134 804 1183 cum
819 1135 882 1185 rex
900 1109 995 1184 idem
1009 1136 1046 1185 se
1061 1134 1279 1210 magnopere

213 1225 305 1300 velle
317 1227 574 1324 respondisset,
593 1227 770 1327 simulque
790 1252 809 1300 a
827 1227 949 1327 legatis
970 1228 1164 1303 memorati
1179 1225 1278 1301 dura

214 1343 437 1443 inquireret,
460 1348 569 1446 quam
586 1345 642 1443 (a)
659 1343 763 1444 hujus
788 1345 984 1444 pacationis
1000 1343 1213 1419 firmitatem
1227 1342 1278 1419 fs-

214 1484 295 1536 cere
309 1458 501 1551 deberent,
515 1460 800 1561 responderunt,
815 1461 883 1533 sibi
901 1460 945 1535 de
962 1459 1084 1533 haere
1098 1457 1196 1537 nihil
1210 1484 1278 1535 erre

214 1579 462 1669 commissum,
488 1605 556 1653 nec
580 1605 617 1653 se
646 1576 690 1653 de
706 1576 775 1653 hoc
803 1579 952 1677 negotio
979 1574 1076 1651 aliud
1098 1574 1275 1663 sactum,

213 1718 323 1792 quam
345 1707 388 1765 ut
407 1719 575 1793 responsa
599 1693 692 1793 regis
712 1708 821 1795 atque
841 1690 1025 1792 pontificis
1045 1689 1203 1767 domino
1217 1714 1277 1763 sno

213 1825 455 1909 reportarent.
487 1812 654 1905 Quorum
677 1809 795 1885 verbis
814 1836 904 1909 papa
928 1823 1157 1902 commotus,
1184 1807 1277 1885 retu

213 1926 354 2003 fallaces
369 1955 410 2002 ac
422 1929 670 2004 fraudulentos
694 1926 929 2003 anathematis
943 1925 1063 2027 gladio
1084 1924 1277 2001 statuitis-

213 2045 379 2136 riendos,
412 2047 441 2119 si
469 2042 516 2118 ab
539 2045 630 2120 olim
653 2045 729 2146 regi
751 2045 927 2144 promissa
947 2043 1018 2119 lide
1034 2042 1274 2129 discederent,

213 2175 322 2261 atque
333 2163 404 2250 ita,
417 2160 553 2236 infecto
569 2164 665 2261 pacis
676 2160 990 2261 negotio,.reversi
1007 2175 1107 2233 sunt.
1123 2158 1202 2233 lter
1217 2182 1277 2231 au-

213 2290 307 2366 tem,
331 2275 486 2353 adoratis
502 2291 711 2351 sanctorum
731 2275 979 2376 apostolorum
1007 2272 1200 2347 liminibus
1214 2298 1276 2347 ro-

213 2390 330 2492 tisque
347 2391 493 2480 solutis,
524 2391 719 2491 apostolica
745 2390 997 2467 benedictione
1023 2403 1215 2489 percepta,
1240 2386 1276 2459 in

212 2509 400 2585 franciam
415 2535 578 2584 reversus
597 2525 662 2585 est.
687 2510 736 2583 Et
752 2536 835 2582 cum
856 2533 1006 2582 uxorem
1022 2532 1126 2580 suam
1141 2506 1276 2579 Faatra·

213 2624 296 2699 dam
319 2626 483 2728 filiosque
507 2654 549 2700 ac
577 2627 667 2701 filias
693 2642 728 2701 et
752 2651 900 2703 omnem
922 2625 1156 2714 comitatum,
1172 2644 1275 2724 quem

213 2741 306 2838 apud
321 2767 380 2815 eos
392 2740 593 2830 dimiserat,
610 2743 832 2815 Wcrmaciae
849 2741 1061 2829 invenisset,
1077 2736 1274 2839 generalem

212 2859 337 2956 populi
357 2861 410 2930 sui
429 2876 648 2933 conventum
667 2857 717 2930 ibi
736 2857 867 2933 habere
882 2859 1019 2930 statuit.
1040 2859 1083 2929 ln
1102 2882 1181 2958 quo
1200 2880 1274 2929 cum

212 2975 357 3062 omnia,
372 3000 454 3074 quae
471 2975 510 3046 in
522 2974 621 3046 ltalia
631 2989 805 3074 gesserat,
826 3001 948 3049 coram
960 2972 1200 3073 optimatibus
1212 2969 1274 3043 suis

213 3090 395 3165 narrando
414 3105 745 3182 commemorasset,
768 3106 804 3164 et
820 3093 864 3164 ad
877 3106 1079 3165 extremum
1096 3087 1144 3164 de
1160 3086 1274 3191 legatis

214 3207 429 3297 Tassilonis,
450 3208 513 3309 qui
537 3207 582 3279 ad
610 3233 647 3282 se
668 3209 794 3281 Romae
815 3223 1008 3296 venerant,
1029 3206 1173 3281 mentio
1188 3202 1273 3287 lacta

213 3322 357 3413 luisset,
382 3323 465 3396 iniit
489 3322 678 3397 consilium
702 3339 744 3396 ut
763 3324 1007 3424 experiretur,
1024 3320 1114 3424 quid
1146 3316 1273 3393 Tassilo

212 3439 257 3515 de
271 3441 444 3540 promissa
468 3439 536 3515 sibi
560 3441 730 3516 fidelitate
754 3440 871 3519 facere
898 3440 952 3540 (ὅ)
976 3438 1104 3529 vellet,
1125 3461 1272 3541 congre·

213 3573 367 3658 gatoque
390 3557 526 3656 ingenti
545 3559 705 3632 exercitu
721 3575 829 3660 atque
848 3559 886 3630 in
912 3573 984 3630 tres
1008 3571 1128 3655 partes
1147 3552 1269 3634 diviso,

246 3821 287 3888 (1)
305 3819 340 3874 l).
353 3818 442 3892 Bouq.
453 3836 518 3872 cum
530 3817 653 3874 Nuenar.
667 3819 784 3873 comite:
798 3816 850 3872 scd
858 3815 960 3872 sedula
969 3814 1124 3873 adsmdann
1136 3816 1265 3871 mmm

248 3910 287 3980 (a)
304 3909 339 3962 D.
352 3907 441 3981 Bouq.
453 3926 517 3962 cum
531 3907 647 3963 ecdem:
663 3906 777 3981 qrsnndc
787 3906 815 3960 n.
830 3909 917 3976 pacis.
932 3904 1003 3963 Cod.
1013 3906 1125 3961 Tmrir.
1135 3900 1266 3962 ‹er-tinto

213 3998 278 4052 lion.
297 4017 361 4052 tro:
378 4017 462 4070 quam
477 3998 505 4051 h.
520 4002 608 4070 pacis.

248 4084 286 4157 (3)
305 4087 339 4140 l).
354 4088 441 4160 Bouq.
457 4104 521 4141 cum
532 4087 654 4143 Nuenar.
667 4087 768 4143 cosraitc
778 4096 805 4142 ct
819 4086 880 4142 rod.
891 4088 998 4143 'si-cair.
1012 4106 1039 4158 q.
1054 4085 1090 4139 T.
1101 4084 1138 4141 de
1145 4082 1265 4155 promissa

204 4174 268 4247 fide
281 4187 417 4247 prrrstrrre
432 4177 527 4232 vellet.
