3000 5272
314 759 641 860 ANNALES
686 756 1156 866 FRANCORUM.

661 1031 811 1043 ιιι-...ᾑ-

379 1202 601 1280 PlPPINUS
627 1202 690 1279 ET
715 1199 1097 1278 KtRLottANNUS.

595 1364 598 1369 ⁵
642 1420 828 1495 nccxn.

257 1608 335 1679 Hoc
352 1632 449 1680 anno
466 1606 617 1678 Karolus
642 1608 756 1704 major
784 1606 911 1678 domus
937 1602 1033 1676 diem
1055 1601 1170 1692 obiit,
1201 1617 1265 1676 aas

211 1724 303 1797 filios
331 1721 476 1798 heredes
507 1722 732 1822 relinquens,
764 1720 1050 1799 Karlomennum
1079 1718 1217 1794 scilieet
1236 1734 1267 1792 et

211 1841 405 1939 Pippinum
421 1855 527 1939 atque
538 1837 747 1927 Grifonem,
766 1864 923 1938 quorum
940 1834 1063 1925 (trito,
1082 1838 1148 1940 qui
1167 1851 1269 1909 caete

211 1958 261 2029 ris
277 1957 399 2030 minor
415 1971 503 2028 natu
530 1973 627 2045 erat,
646 1971 796 2029 matrem
816 1952 942 2026 habuit
957 1953 1107 2028 nomine
1125 1953 1269 2029 swana-

212 2073 346 2149 hildem
366 2076 419 2171 (1)
439 2089 585 2173 neptem
603 2073 769 2146 Odilonis
789 2072 888 2146 ducis
906 2072 1169 2171 Bajoariorum.
1191 2071 1269 2144 Haec

214 2189 316 2262 illum
326 2189 484 2291 maligno
499 2189 650 2264 consilio
664 2190 718 2290 (2)
732 2189 775 2265 ad
788 2215 888 2288 spem
902 2189 1013 2263 totius
1029 2189 1133 2291 regni
1144 2187 1271 2262 -oonci-

214 2306 321 2392 tavit,
347 2296 385 2377 in
411 2318 572 2390 tantum,
594 2319 634 2375 ut
663 2304 739 2378 sine
762 2302 934 2378 dilatione
956 2302 1172 2376 laudunum
1190 2302 1272 2375 civi-

215 2438 325 2496 tatem
343 2438 553 2522 occuparet,
577 2446 617 2493 aa
635 2419 769 2495 bellum
794 2420 967 2494 fratribus
991 2418 1182 2494 indiceret.
1208 2417 1271 2514 Qui

216 2539 378 2612 celeriter
390 2539 549 2612 exercitu
562 2537 714 2611 collecto
730 2535 942 2610 Laudunum
955 2535 1184 2624 obsidentes,
1203 2534 1272 2608 fra-

218 2669 311 2726 trem
335 2655 371 2725 in
393 2654 570 2728 ditionem
587 2655 786 2752 accipiunt,
814 2669 921 2752 atque
947 2653 1031 2726 inde
1054 2651 1099 2724 ad
1124 2676 1272 2752 regnum

217 2767 458 2841 ordinandum
481 2796 521 2841 ac
536 2771 758 2868 provincias,
786 2795 867 2870 quae
891 2784 973 2868 post
996 2784 1152 2842 mortem
1171 2768 1274 2868 patris

219 2912 237 2954 a
251 2885 473 2956 Francorum
490 2885 656 2958 societate
668 2884 905 2974 desciverant,
924 2881 1186 2983 recuperandas
1202 2883 1275 2956 ani·
1294 2941 1301 2958 .

219 3025 298 3073 mos
314 2998 509 3071 intendunt
528 3000 594 3096 (ὅ).
616 3001 665 3071 Et
684 3014 725 3070 ut
746 3001 783 3073 in
802 3016 948 3074 externa
964 2998 1167 3099 profecturi
1184 2997 1274 3075 domi

220 3118 340 3190 omnia
364 3130 440 3188 tuta
463 3116 705 3202 dimitterent,
729 3117 993 3190 Karlomannus
1019 3114 1215 3189 Grifonem
1231 3139 1276 3186 sa·

220 3260 333 3321 mens,
349 3233 386 3305 in
401 3232 676 3308 Novo-castello
684 3286 695 3320 ,
709 3232 808 3333 quod
815 3236 916 3332 juxta
926 3230 1161 3306 Arduennam
1174 3232 1276 3304 sitam

221 3365 298 3436 est,
319 3348 491 3423 custodiri
508 3348 616 3437 feeit,
638 3350 673 3420 in
689 3375 759 3449 qua
781 3345 939 3422 custodia
956 3347 1125 3447 usquead
1143 3362 1277 3447 tempus

221 3488 295 3566 qao
313 3463 407 3536 idem
419 3466 682 3540 Karlomanuus
699 3464 849 3538 Romam
865 3461 1047 3563 profectas
1064 3478 1136 3550 est,
1151 3462 1279 3535 dieitur

222 3607 466 3680 permansisse.

257 3822 295 3890 (ι)
307 3817 359 3873 ΑΙΙ.
377 3814 553 3880 Suantettld,
570 3815 781 3870 Swanihildem.

258 3909 434 3980 (Maligna
447 3905 561 3960 consilia
579 3904 656 3960 deest
668 3925 712 3978 ap.
727 3905 841 3969 Freher,
856 3903 891 3957 D.
905 3901 992 3976 Bouq.
1003 3913 1031 3956 et
1045 3903 1113 3958 alios
1122 3904 1193 3960 edit.

256 3997 294 4069 (3)
308 4000 348 4052 lta
362 3997 430 4068 legit
443 3995 575 4048 Pertzius.
590 4025 621 4033 -
636 3995 772 4049 Fieherus
784 4002 892 4057 autem,
913 3991 947 4044 D.
963 3993 1048 4065 Bouq.
1063 4003 1093 4047 et
1112 3992 1160 4048 atti
1174 3995 1221 4049 hic
1236 3994 1283 4047 ha·

224 4087 291 4141 bont
309 4113 312 4139 :
330 4085 502 4140 inditionem
514 4086 748 4154 accipientesque
765 4081 804 4136 ad
815 4100 859 4143 ea,
879 4099 951 4151 (ματ.
968 4120 994 4133 ..
1012 4123 1017 4133 .
1034 4123 1038 4134 .
1056 4121 1062 4134 .
1081 4122 1107 4134 ..
1131 4080 1284 4157 recipienda

223 4180 328 4231 attimar
348 4174 506 4230 intendunt.
