3000 5272
210 422 272 484 23⁴
648 416 837 479 Ksuouus.

210 549 342 622 lumin
364 549 437 647 ipsa
461 548 608 648 regione
630 545 818 622 hiemaret.
845 546 1001 645 Sumpto
1027 546 1142 646 igitur
1161 572 1277 621 mum

211 667 385 742 comitatu
407 689 492 754 suc,
509 665 702 740 Saxoniam
717 665 840 764 petiit,
860 662 1054 764 castrisque
1072 688 1185 764 super
1194 664 1279 735 Wi-

211 810 334 858 suram
358 783 484 883 positis
509 783 694 870 consedit,
723 798 760 857 et
784 783 908 858 locum
933 797 1138 857 castrorum
1160 780 1281 855 lleris-

213 901 289 975 telli
312 903 366 998 (1)
390 902 509 974 vocari
530 901 654 999 jussit,
679 901 742 1002 qui
764 900 864 974 locus
887 897 933 970 ab
957 897 1085 972 incolis
1109 897 1280 999 usquein

209 1044 367 1118 praesens
385 1018 433 1090 ita
450 1019 674 1092 nominatur.
695 1017 907 1091 Exercitum
919 1042 1025 1105 vero,
1039 1040 1152 1117 quem
1165 1039 1281 1089 secum

209 1133 376 1223 adduxit,
396 1159 462 1232 per
480 1147 595 1207 totam
611 1133 804 1206 saxoniam
821 1134 858 1205 in
874 1129 1025 1206 hiberna
1039 1128 1179 1204 divisit.
1197 1126 1282 1202 llluc

210 1250 407 1351 Pippinum
423 1251 467 1324 de
481 1250 582 1324 ltalia
599 1267 636 1323 et
653 1251 908 1328 Hludowicum
923 1250 968 1325 de
984 1248 1168 1349 hispanica
1182 1272 1282 1348 expa-

211 1367 351 1442 ditione
367 1394 546 1468 regressos
559 1368 603 1440 ad
616 1395 653 1442 se
664 1370 790 1445 uenire
801 1369 926 1468 jussit,
944 1367 994 1440 ibi
1011 1367 1149 1469 legatos
1164 1367 1284 1440 lluno·

212 1512 295 1558 rum
317 1512 399 1558 cum
418 1488 558 1587 magnis
583 1484 796 1561 muneribus
818 1485 863 1559 ad
887 1512 924 1560 se
943 1486 1069 1559 missos
1089 1482 1234 1557 audivit
1253 1500 1284 1556 et

212 1600 386 1688 absolvit,
407 1599 457 1674 ibi
476 1602 632 1702 legatum
651 1602 870 1689 Hadefonai,
893 1603 986 1703 regis
1003 1599 1165 1676 Aatmtoe
1182 1613 1284 1700 atque

212 1715 390 1805 Gallitiae,
412 1717 507 1792 dona
530 1715 597 1789 sibi
620 1717 843 1792 deferentem
860 1717 1028 1815 suscepit.
1047 1712 1138 1790 lude
1154 1714 1284 1788 iterum

213 1833 408 1932 Pippinum
422 1832 467 1906 ad
483 1834 641 1922 ltaliam,
661 1835 917 1909 llludowicum
928 1833 973 1906 ad
986 1831 1224 1934 Aquitaniam
1235 1855 1285 1904 rt·

214 1951 333 2038 misit,
359 1977 443 2024 eum
464 1977 540 2054 quo
561 1967 598 2025 et
618 1949 805 2025 Abdellam
832 1952 1068 2025 Sarracenum
1088 1949 1143 2023 ire
1161 1947 1282 2048 justit,

213 2065 277 2164 qui
301 2080 446 2164 postea,
471 2083 514 2139 ut
541 2067 615 2167 ipse
635 2066 774 2155 voluit,
799 2066 837 2138 in
854 2064 1061 2166 Hispaniam
1076 2062 1233 2151 ductus,
1252 2076 1284 2136 et

215 2178 363 2253 illorum
381 2180 482 2270 fidei,
503 2179 636 2282 quibus
654 2180 852 2257 recredere
870 2206 946 2255 non
963 2178 1166 2269 dubitavit,
1187 2203 1284 2254 com-

213 2297 340 2370 missus
369 2314 435 2373 est.
467 2301 545 2373 Rex
574 2316 695 2373 autem
720 2300 757 2372 in
785 2299 938 2374 Saxonia
961 2296 1143 2387 residens,
1177 2295 1228 2370 ibi
1253 2310 1284 2370 et

215 2410 379 2489 Natalem
398 2415 545 2488 Domini
567 2432 604 2490 et
624 2414 754 2489 Pascha
775 2415 981 2490 celebravit.

621 2646 877 2721 cccxcvut.

265 2802 355 2874 Cum
366 2808 440 2903 jam
454 2832 517 2878 ver
531 2822 716 2906 appeteret
730 2808 782 2905 (a)
790 2860 801 2896 ,
823 2805 987 2881 nondum
1005 2821 1128 2880 tamen
1142 2821 1286 2907 propter

219 2919 379 3020 inopiam
399 2920 520 3019 pabuli
540 2924 718 2999 exercitus
734 2923 780 2998 dc
799 2923 960 2999 hibernis
978 2923 1132 3025 produci
1151 2925 1287 3025 potuis-

218 3053 291 3122 set,
319 3038 476 3113 Saxones
502 3040 733 3115 transalbiani
761 3045 986 3117 occasionem
1009 3044 1132 3133 nacti‚
1161 3041 1287 3145 legatos

220 3154 310 3252 regis
339 3155 401 3254 qui
430 3154 474 3226 ad
497 3181 557 3229 eos
581 3156 631 3230 ob
651 3159 807 3256 justitias
835 3157 1014 3233 faciendas
1036 3157 1137 3230 missi
1167 3173 1284 3244 eraut,

220 3272 497 3370 comprehensos
517 3274 761 3366 interficiunt,
778 3277 899 3377 paucis
911 3303 1036 3351 eorum
1054 3276 1158 3379 quasi
1177 3274 1223 3350 ad
1236 3301 1287 3348 re·

220 3384 430 3460 dimendum
448 3391 502 3487 (3)
521 3393 728 3482 reservatis,
747 3393 967 3467 trucidantes
988 3419 1072 3484 cum
1096 3392 1238 3467 caeteris
1255 3403 1286 3464 et

256 3735 296 3806 (ι)
315 3734 368 3790 All.
385 3733 542 3803 Hermtalli,
556 3735 750 3792 Heristullum.

258 3838 297 3908 (a)
314 3837 405 3895 Codd.
422 3839 550 3894 Hanncv.
564 3851 593 3894 et
608 3840 790 3895 Vindobona.
809 3857 856 3893 rro
870 3848 899 3893 et
910 3855 981 3912 99⁰²
995 3844 1158 3908 appareret.
1172 3834 1281 3890 Numa.

224 3945 316 3982 eomes
329 3928 404 3982 etl).
420 3928 507 4001 Bouq.
522 3929 676 3983 accederet.

259 4030 298 4103 (5)
315 4032 406 4088 codd.
426 4031 587 4087 Vindobon.
609 4031 661 4099 654
683 4057 688 4085 z
711 4031 872 4087 renuardum
882 4057 889 4091 ,·
908 4029 979 4101 Reg.
995 4025 1083 4082 Paris.
1098 4024 1171 4101 592⁴
1187 4049 1193 4079 ε
1210 4037 1280 4079 m·

225 4119 315 4180 diurn.¹
331 4123 488 4177 Trevirens.
506 4122 700 4184 recreandum
715 4123 837 4176 Nuenar.
851 4135 944 4173 tornes
961 4126 990 4171 et
1004 4115 1039 4170 1).
1053 4115 1144 4189 Bouq.
1159 4113 1279 4170 muethu-

226 4208 247 4260 d
247 4230 300 4262 iiiii
