3000 5272
379 414 440 475 262
820 411 1009 473 KanottJS.

379 571 461 630 nus,
480 545 629 617 nomine
648 542 860 618 Theodorus
874 585 923 605 ι-
941 559 978 616 et
995 542 1163 644 precibus
1178 546 1255 639 ejus
1270 570 1444 633 annuens,

378 656 588 735 muneribus
605 658 782 733 donatum
803 658 919 733 redire
941 659 1118 759 permisit.
1138 658 1213 755 Qui
1239 658 1385 734 rediens
1407 661 1447 733 ad

378 774 555 873 populum
566 799 673 848 suum
681 827 693 862 ,
713 800 828 872 pauco
843 791 1006 873 tempore
1021 788 1220 868 manando,
1231 775 1332 851 diem
1345 774 1446 849 obiit.

379 892 429 967 Et
446 893 545 967 misit
567 893 728 991 Gaganus
753 919 867 967 unum
885 893 930 966 de
948 891 1185 992 optimatibus
1208 890 1306 983 suis,
1331 909 1449 993 petens

380 1008 447 1085 sibi
470 1009 648 1085 honorem
666 1012 880 1111 antiquum,
902 1037 1012 1111 quem
1028 1011 1189 1113 (daganus
1209 1010 1308 1110 apud
1329 1012 1449 1085 flnnos

381 1125 513 1199 habere
543 1124 693 1200 solebat.
723 1128 832 1225 Cujus
858 1125 1025 1226 precihus
1049 1127 1249 1226 imperator
1272 1152 1448 1207 assensum

382 1242 560 1343 praebuit,
581 1258 617 1315 et
634 1270 813 1316 summam
835 1246 945 1319 totius
965 1246 1066 1345 regni
1084 1247 1186 1344 juxta
1210 1246 1375 1343 priscum
1392 1270 1449 1319 eo-

383 1383 466 1431 rum
483 1359 596 1432 ritum
620 1360 802 1457 caganum
826 1359 956 1433 habere
978 1360 1164 1459 proecepit.
1195 1359 1339 1437 Eodem
1360 1387 1450 1434 anno

383 1475 483 1549 misit
500 1476 699 1551 exercitum
715 1502 820 1548 saum
836 1502 918 1549 cum
938 1475 1096 1551 filiosuo
1113 1475 1252 1550 Kamio
1268 1475 1309 1549 in
1323 1492 1451 1551 teman

385 1589 609 1679 selavorum,
619 1592 681 1691 qui
691 1607 869 1665 vocantur
877 1591 1051 1666 Beheimi.
1068 1593 1138 1689 Qui
1149 1591 1451 1667 omnomillornn

384 1709 537 1807 patriam
556 1706 812 1809 depopulatus,
832 1709 961 1783 ducem
977 1736 1127 1815 eoram,
1146 1710 1300 1787 nomine
1314 1708 1452 1785 Beeito·

386 1849 470 1899 nem
484 1824 553 1922 (1),
569 1822 715 1911 occidit,
730 1840 768 1897 et
783 1824 865 1897 inde
878 1851 1070 1925 regressus,
1087 1825 1125 1897 in
1136 1826 1280 1926 Vosego
1293 1825 1356 1924 (a)
1375 1824 1453 1898 silva

388 1939 432 2015 ad
453 1955 591 2039 patrem
609 1941 665 2039 (ὅ)
682 1942 803 2029 venit,
824 1943 861 2014 in
885 1941 966 2016 loeo
989 1942 1053 2042 qni
1071 1938 1206 2015 dicitur
1220 1941 1353 2042 (lamp.
1371 1940 1454 2016 Nam

389 2058 586 2157 imperator
604 2057 699 2157 julio
724 2085 845 2131 mense
866 2058 911 2132 de
931 2058 1146 2159 Aquisgrani
1169 2056 1379 2158 profectus,
1398 2082 1454 2158 per

386 2175 718 2250 'theodonisvillam
752 2192 860 2274 atque
888 2175 1013 2248 Mettis
1048 2176 1246 2260 transiens,
1279 2173 1454 2275 Vosagum

388 2293 507 2391 petiit.
544 2289 671 2391 Ibique
703 2293 885 2366 venationi
919 2317 1065 2380 vacans,
1098 2308 1182 2391 post
1217 2292 1456 2367 reversionem

390 2411 567 2483 exercitus
591 2409 634 2483 ad
658 2411 839 2484 flamerici
866 2411 919 2508 (4)
948 2409 1132 2485 castellum
1156 2408 1370 2509 profectus,
1393 2408 1457 2485 ibi·

391 2552 461 2626 que
477 2528 702 2628 aliquantum
720 2529 893 2628 temporis
910 2543 1089 2615 moratus,
1109 2527 1153 2601 ad
1173 2525 1411 2605 hiemandum
1425 2529 1456 2601 ia

393 2643 684 2721 Theodonisvilla
699 2647 831 2745 palatio
848 2672 913 2720 suo
926 2646 1102 2721 consedit.
1121 2644 1174 2719 lbi
1193 2644 1238 2719 ad
1254 2670 1345 2720 eum
1359 2642 1456 2720 amito

393 2760 456 2832 iiiii
475 2763 529 2834 sui
546 2763 720 2862 Pippinus
738 2779 774 2836 et
786 2763 1019 2839 Hludowicus
1032 2779 1230 2852 venerant,
1248 2762 1456 2839 oeiebmvit·

393 2904 463 2977 que
483 2877 532 2952 ibi
550 2879 714 2953 Natalem
732 2881 893 2955 Domini.

431 3205 470 3274 (a)
489 3203 531 3258 lta
540 3202 610 3277 legit
622 3203 747 3259 Pertzius
756 3222 819 3257 cum
829 3215 934 3279 septem
946 3204 1111 3261 codd-D.
1121 3203 1222 3279 Bouq.,
1236 3203 1365 3261 Nnenar.
1379 3219 1453 3261 now

395 3305 424 3348 et
436 3294 537 3369 pleriq.
552 3293 633 3350 codd.
649 3294 799 3350 Annalium
814 3296 932 3351 [κονίει.
950 3296 1116 3353 lechonem.

431 3385 470 3454 (a)
488 3383 543 3439 Au.
561 3385 685 3457 Vosago,
705 3386 826 3458 Vosega.

430 3470 470 3544 (ὅ)
490 3475 524 3527 Ι).
538 3474 625 3547 Bouq.
645 3474 685 3528 ad
701 3477 904 3547 imperatorem.
924 3473 970 3530 Sic
986 3471 1049 3528 cod.
1067 3471 1227 3529 Vindobon.
1253 3489 1304 3526 no
1322 3482 1353 3528 et
1367 3466 1446 3527 tund

398 3563 514 3618 lauriss.
1491 3581 1494 3605 ³

432 3651 471 3721 (4)
490 3650 524 3703 D.
536 3651 785 3724 Bouq.etF1·ehe1·.
803 3651 956 3713 Runaoric&
971 3650 1093 3704 Nuenar.
1107 3665 1199 3703 comes
1211 3671 1216 3701 :
1229 3646 1387 3707 liumrichn
1399 3642 1444 3699 cod.

398 3742 523 3799 Hannov.
536 3742 688 3797 Numerios.
