3000 5272
209 411 249 472 32
463 406 557 469 VITA
578 405 725 468 utnon
748 404 1019 468 IMPERATORIS.

211 561 317 611 eones
330 537 403 634 (r),
426 534 465 606 in
481 535 611 607 summi
628 535 763 608 montis
782 535 915 608 vertice
927 533 1052 633 positis
1070 532 1208 606 insidiis
1226 575 1254 592 -

211 670 263 726 est
288 653 385 726 enim
410 651 509 724 locus
538 676 588 748 ex!
610 651 787 748 opacitate
816 649 1007 737 silvarum,
1038 675 1191 749 quarum
1222 648 1254 722 ih

209 768 362 839 maxima
380 780 433 839 est
453 765 553 864 copia
562 818 574 853 ,
591 765 727 837 insidiis
745 763 921 864 ponendis
939 766 1254 863 oportunus-ex

210 901 362 957 tremam
380 880 723 981 impedimentorum
742 898 900 982 partem,
918 897 955 956 et
971 906 1030 955 eos
1039 935 1050 971 ,
1069 883 1132 982 qui
1149 881 1254 955 novis

210 1001 291 1072 simi
315 999 465 1100 agminis
492 998 715 1088 incedentes,
745 997 903 1073 subsidio
927 999 1169 1099 praecedentes
1192 1014 1254 1072 tue

211 1116 357 1204 bantur,
391 1113 542 1215 desuper
569 1117 820 1206 incursantes,
855 1117 893 1188 in
923 1114 1118 1214 subjectam
1146 1115 1254 1190 vallet

210 1234 402 1334 dejiciunt,
418 1249 656 1334 consertoque
668 1235 810 1308 cumeis
822 1233 963 1333 praelio,
979 1233 1146 1334 usquead
1159 1260 1254 1306 unur

212 1362 337 1427 om'nes
354 1351 598 1442 interficiunt,
621 1378 662 1425 ac
683 1352 835 1452 direptis
854 1351 1138 1452 impedimentis,
1158 1353 1254 1426 nocti

212 1468 409 1558 beneficio,
428 1495 509 1570 quae
530 1473 604 1568 jam
627 1467 802 1557 instabat,
829 1469 1007 1568 protecti,
1034 1494 1171 1541 summa
1193 1494 1254 1540 cur

214 1586 394 1661 celeritate
421 1586 459 1657 in
477 1584 612 1659 diversa
636 1583 904 1685 disperguntur.
923 1584 1121 1686 Adjuvabat
1144 1587 1181 1657 in
1208 1585 1254 1659 ho

212 1703 309 1778 facto
321 1705 519 1778 Wascones
536 1718 573 1777 et
588 1703 710 1777 levitas
725 1728 931 1792 armorum,
946 1719 983 1777 et
993 1703 1063 1778 loci
1082 1705 1208 1804 inquo
1221 1729 1254 1777 rs

213 1819 403 1920 gerebatur
414 1821 518 1908 situs3
533 1836 692 1894 econtra
708 1820 864 1892 Francos
875 1833 912 1892 et
923 1844 1109 1892 armorum
1123 1819 1254 1917 gravitr

215 1951 251 2009 et
267 1935 338 2009 loci
360 1935 529 2034 iniquitas
550 1961 615 2035 per
636 1935 757 2008 omnia
775 1933 1015 2008 Wasconibus
1035 1932 1190 2008 reddidit
1207 1936 1254 2006 im

214 2078 328 2150 pares.
360 2053 402 2123 ln
430 2077 505 2151 quo
532 2051 659 2150 praelio
686 2049 905 2150 Fggihardus
931 2051 986 2148 (a)
1012 2051 1118 2150 regiae
1143 2076 1254 2124 mensa

214 2169 448 2269 praepositus,
467 2167 655 2241 Anselmus
667 2169 719 2266 (ὃ)
734 2193 852 2241 comes
862 2167 1002 2266 palatii,
1022 2183 1058 2240 et
1071 2166 1254 2241 Hruodlan

214 2285 281 2362 dus
293 2287 346 2384 (4)
365 2286 583 2359 Brittannici
601 2285 726 2358 limitis
742 2283 955 2387 praefectus,
975 2312 1057 2359 cum
1073 2285 1152 2357 aliis
1172 2310 1254 2360 com

213 2403 378 2505 pluribus
396 2402 679 2478 interficiuntur.
695 2402 820 2502 Neque
836 2400 905 2477 hoc
916 2401 1052 2475 factum
1065 2400 1109 2474 ad
1120 2429 1254 2500 praesen

213 2519 386 2592 vindicari
397 2535 552 2625 poterat,
563 2519 646 2619 quia
661 2517 786 2607 hostis,
800 2543 841 2591 re
852 2532 1067 2617 perpetrata,
1083 2517 1131 2588 ita
1142 2515 1254 2616 disper

214 2663 272 2708 sus
289 2652 360 2724 est,
383 2652 486 2710 utne
507 2635 601 2708 fama
623 2635 768 2736 quidem
784 2649 1003 2722 remaneret,
1022 2630 1172 2705 ubinam
1188 2661 1254 2733 gen

215 2753 306 2823 tium
318 2753 373 2849 (5)
388 2754 502 2852 quaeri
520 2753 707 2851 potuisset.

250 3058 288 3126 (r)
306 3055 377 3111 Cod.
391 3054 516 3110 Floreat.
534 3055 674 3110 Wasconr'.

248 3144 288 3214 (a)
305 3142 360 3198 All.
374 3140 572 3216 Eggibardus‚
586 3140 779 3213 Eggtbaldus,
793 3144 972 3218 Eggr'ardus,
985 3146 1143 3220 thartus,
1156 3149 1254 3222 Eghar

214 3232 281 3300 dus,
294 3230 487 3306 Aggr'hardus,
503 3229 676 3304 Agitardus,
688 3230 878 3303 Ettitardue
894 3236 1085 3307 Elrlribardus,
1097 3238 1254 3296 Etttada

215 3321 370 3377 Ekiardus.

250 3409 288 3482 (3)
305 3411 360 3466 All.
375 3410 560 3478 Anshclmus,
574 3408 743 3465 Ausdelmis.

248 3500 288 3568 (t)
305 3497 359 3553 All.
374 3496 580 3563 Hruollandus,
596 3496 823 3567 unemundus,
839 3500 1052 3572 Hroadlandus,
1070 3503 1254 3562 Hmdtandus

213 3583 399 3651 Hmllandus,
419 3580 614 3650 Iiuodlundus,
634 3584 832 3655 Ruodtannus,
852 3588 1060 3658 Ruottlandus,
1077 3591 1254 3649 Ruellandus

215 3670 413 3736 Katabedas,
426 3668 596 3737 Rotundus,
610 3669 780 3728 Iiutlandus.
790 3704 825 3717 -
835 3675 905 3731 Cod.
919 3694 994 3731 nuuc
1005 3676 1077 3750 Reg.
1091 3678 1180 3735 Paris.
1191 3679 1254 3753 (olii

216 3761 290 3816 Beat.
304 3759 386 3829 Mar.)
401 3756 464 3813 133:
480 3757 637 3812 Hunoldus.

248 3846 287 3917 (5)
305 3846 337 3901 ln
350 3844 430 3901 codd.
447 3842 606 3901 vindobon.
621 3842 672 3902 538
684 3856 713 3901 et
724 3847 870 3906 Zwetteus.
884 3854 1006 3922 gentium
1016 3851 1102 3910 deest.
