3000 5272
217 401 274 456 1²20
458 395 634 457 PlPPlNUS
655 396 705 456 ET
726 396 1026 457 Ktlttottttttttts

641 590 843 662 DCCXLII.

260 752 524 824 Karlomannus
542 767 578 824 et
590 751 763 849 Pippinus
776 752 1000 844 Francorum
1016 774 1129 850 tegno
1144 749 1270 848 potiti,

210 869 330 967 primo
352 867 585 966 Aquitaniam
614 867 772 965 recipere
788 866 966 953 volentes,
986 881 1111 941 contra
1132 867 1273 941 Hunot-

211 982 299 1057 dum
313 985 365 1083 (1)
381 982 477 1055 illius
489 983 686 1082 provinciae
700 983 846 1072 ducem,
860 1010 943 1055 oum
954 983 1113 1057 exercitu
1125 983 1274 1056 eandem

212 1099 443 1199 Aquitaniam
470 1098 743 1198 ingrediuntur,
771 1113 805 1171 et
824 1117 927 1198 capto
951 1097 1107 1200 quodam
1130 1099 1273 1174 castello

211 1213 310 1314 quod
334 1215 466 1286 Luccas
485 1229 634 1287 vocatur
651 1215 721 1313 (a),
742 1214 949 1314 priusquam
969 1240 1013 1287 ex
1032 1240 1071 1288 ea
1087 1214 1272 1314 provincia

213 1329 435 1417 secederent,
472 1357 624 1429 regnum
647 1330 745 1430 quod
771 1331 1013 1414 communiter
1047 1327 1275 1404 administra-

212 1447 302 1520 bant
327 1450 365 1520 in
391 1449 494 1536 loco,
514 1450 577 1549 qui
602 1448 712 1522 Vetus
733 1449 931 1522 Pictavium
949 1448 1096 1536 dicitur,
1121 1452 1220 1522 inter
1242 1475 1275 1523 se

211 1564 411 1637 diviserunt
424 1565 479 1663 (ὅ)
495 1595 503 1635 :
521 1564 716 1664 eodemque
732 1590 829 1638 anno
845 1579 1036 1664 postquam
1050 1562 1204 1647 domum
1215 1591 1274 1639 re·

211 1681 320 1778 gressi
338 1695 441 1766 sunt,
460 1680 726 1755 Karlomannus
739 1680 1006 1765 Alamanniam‚
1021 1706 1103 1780 quae
1115 1696 1154 1754 et
1173 1680 1273 1780 ipssa

212 1797 436 1871 Francorum
452 1799 620 1893 societate
633 1797 832 1884 defecerat,
853 1824 935 1870 cum
952 1799 1113 1872 exercitu
1136 1798 1275 1898 ingres·

214 1941 293 2001 sus,
311 1914 410 1988 ferro
424 1931 460 1988 et
474 1917 555 2015 igne
567 1917 730 1989 vastavit.

630 2126 849 2203 Dccxtttl.

261 2290 526 2363 Karlomannus
539 2307 575 2362 et
588 2291 762 2388 Pippinus
774 2289 910 2389 junctis
924 2290 1036 2388 copiis
1049 2304 1178 2365 contra
1196 2289 1276 2364 odi-

210 2405 334 2480 lonem
353 2406 481 2479 ducem
503 2406 748 2504 Bajoariorum
770 2404 923 2505 profecti
946 2421 1053 2494 sunt,
1078 2404 1276 2506 praelioque

212 2522 401 2595 commisso
418 2521 615 2594 exercitum
637 2523 711 2619 ejus
728 2519 903 2594 fuderunt
913 2548 925 2608 3
941 2536 977 2593 et
989 2535 1182 2621 postquam
1195 2519 1275 2594 inde

210 2639 341 2712 reversi
361 2653 462 2723 sunt,
479 2637 745 2711 Karlomannus
764 2637 860 2711 solus
874 2637 911 2709 in
926 2637 1116 2711 Saxoniam
1130 2635 1276 2736 profec-

211 2767 269 2823 tus
286 2768 339 2824 est
348 2805 360 2840 ,
380 2767 416 2823 et
429 2767 585 2823 castrum
600 2751 698 2852 quod
710 2752 844 2824 dicitur
857 2750 1094 2850 Hdhseoburg
1112 2752 1166 2850 (4)
1186 2766 1224 2823 et
1240 2751 1274 2823 in

211 2895 255 2941 eo
273 2867 535 2941 Theodericum
559 2870 757 2953 saxonem,
774 2867 868 2940 iltius
886 2867 956 2940 loci
977 2866 1220 2965 primarium,
1240 2867 1274 2939 iu

211 2980 430 3056 deditionem
445 2981 593 3079 accepit.

246 3316 285 3385 (r)
299 3313 338 3367 De
350 3313 432 3368 variis
445 3313 499 3368 hoc
515 3331 617 3368 nomeu
632 3313 770 3369 scribendi
784 3315 873 3371 modia
889 3316 989 3372 videsis
1004 3319 1201 3375 annotationes
1214 3337 1276 3376 uoc-

211 3413 268 3459 tras
280 3402 316 3457 ad
329 3403 413 3456 vitam
427 3403 521 3457 Karoti
534 3403 644 3476 Magni;
658 3402 693 3457 ad
709 3422 776 3478 quae
788 3405 893 3461 scilicet
905 3407 1073 3462 remittimus
1087 3427 1139 3481 pro
1150 3408 1277 3484 quolibet

211 3492 325 3548 nomine
337 3493 366 3546 in
379 3491 453 3547 dicta
463 3493 518 3547 vita
527 3493 585 3565 jam
597 3493 755 3549 enunciato.
770 3495 831 3549 Hoc
844 3494 927 3550 semel
939 3494 1037 3550 dixisse
1052 3497 1116 3552 sutis
1129 3499 1176 3554 ait.

221 3575 227 3585 ⁹
246 3598 286 3666 (a)
304 3596 346 3648 lta
359 3594 443 3649 habet
452 3595 586 3649 Pertziua.
597 3626 633 3636 —
644 3597 677 3649 D.
695 3597 782 3670 Bouq.
794 3608 822 3651 et
831 3597 876 3652 att.
893 3601 939 3652 cui
949 3618 1048 3653 nomen
1059 3609 1102 3654 est
1110 3601 1145 3654 L.
1160 3599 1275 3657 -Cod

212 3685 374 3744 vindobon.
389 3703 458 3758 990:
475 3685 552 3757 quod
562 3686 596 3739 L.
612 3685 720 3740 dicitur.

247 3787 286 3861 (5)
297 3789 343 3844 Sic
359 3787 473 3841 Freher.
493 3789 525 3842 D.
538 3789 624 3862 Bouq.
640 3800 667 3842 et
680 3789 725 3843 att.
746 3822 772 3828 ψ
790 3791 869 3843 Perta
889 3814 894 3842 :
911 3812 938 3862 q.
953 3812 976 3843 c.
993 3791 1165 3860 habuerunt,
1178 3793 1278 3849 divise·

213 3887 279 3932 runt
289 3880 363 3930 inter
371 3896 400 3929 se
413 3879 441 3928 in
453 3877 511 3930 loco
524 3879 573 3950 qui
586 3887 703 3931 vocatur
714 3878 744 3930 V
742 3886 802 3931 etus
816 3877 945 3930 Pictoris.

246 3983 285 4051 (d)
297 3981 439 4042 SicPettz,
450 3998 513 4033 cum
522 3978 603 4033 codd.
617 3979 773 4034 vindobon.
787 3979 848 4044 (¹154,
864 3978 933 4052 Reg.
945 3980 1031 4034 Paris.
1041 3979 1111 4054 5924
1124 3993 1154 4036 et
1167 3983 1277 4037 Treuir.

211 4101 247 4112 -·
259 4069 311 4124 All.
327 4067 508 4139 Holtseburu,
522 4067 748 4138 Herodescburg.
768 4066 936 4126 Hohseobur.
950 4068 1113 4141 Hocaeburg
1121 4096 1128 4132 ,·
1140 4070 1176 4125 D.
1191 4072 1276 4144 Bonq.

214 4161 417 4232 Ilaetcltsigburg.
