3000 5272
210 422 270 483 252
645 417 833 481 KAROLUS.

210 566 287 627 erat
297 556 399 624 Persa
411 549 456 623 de
466 548 630 639 Oriente,
646 549 780 649 legatus
792 546 956 648 praedicti
970 547 1276 648 regiam-nam

210 669 283 744 duo
296 667 600 741 fuerant—alter
612 668 826 741 Sarracenus
839 664 883 739 de
895 664 1178 765 Africa,legstns
1190 666 1278 738 ami·

210 786 277 858 rati
296 784 493 873 Abraham,
514 785 578 884 qui
602 784 640 856 in
664 784 825 859 confinio
842 782 976 855 Africae
998 782 1038 855 in
1057 782 1208 857 Fossam
1222 781 1278 880 (a)

211 900 444 1002 praesidebat,
463 901 526 1000 qui
542 902 635 973 Isaac
651 901 835 990 Judaeum,
857 926 967 1000 quem
983 900 1186 999 imperator
1198 913 1279 972 ante

210 1019 488 1119 quadriennium
512 1018 556 1091 ad
579 1033 820 1093 memoratum
840 1043 961 1119 regem
985 1018 1177 1092 Persarum
1198 1040 1278 1089 cum

211 1135 400 1209 lantfrido
420 1151 457 1210 et
477 1135 708 1236 sigismundo
725 1136 778 1234 (5)
795 1135 916 1236 legatis
940 1135 1011 1206 suis
1035 1135 1200 1222 miserat,
1223 1158 1280 1206 re-

212 1280 355 1328 versum
379 1281 462 1327 cum
490 1255 628 1354 magnis
650 1253 862 1327 muneribus
885 1253 1163 1326 nuntiaverunt.
1189 1249 1279 1324 Nam

213 1369 419 1443 Lantfridus
433 1397 473 1443 ac
487 1368 738 1471 sigismundus
751 1368 860 1444 ambo
878 1370 915 1442 in
933 1368 1059 1443 eodem
1077 1368 1210 1441 itinere
1222 1365 1280 1440 de·

211 1485 328 1560 functi
352 1504 450 1561 sunt.
471 1490 568 1560 Tum
590 1487 650 1560 ille
673 1487 773 1560 misit
798 1485 1066 1560 Ercanbaldum
1091 1485 1149 1584 (4)
1172 1498 1281 1559 nou·

212 1607 308 1673 rium
323 1603 360 1675 in
379 1603 560 1703 Liguriam
573 1600 617 1675 ad
633 1601 779 1675 classem
793 1601 1009 1702 parandam,
1024 1626 1096 1702 qua
1111 1597 1280 1700 elephans

212 1735 249 1791 et
268 1745 306 1792 ea
329 1745 412 1818 quae
435 1745 520 1793 cum
539 1744 582 1793 eo
600 1716 855 1807 afferebantur,
882 1715 1182 1792 subveherentur.
1204 1717 1280 1817 lpse

213 1860 299 1908 vero
311 1888 322 1923 ,
348 1833 527 1908 celebrato
553 1835 612 1909 die
637 1836 747 1909 natali
773 1837 886 1909 sancti
910 1835 1085 1910 Jobaunis
1111 1834 1280 1936 Baptistae

211 1950 306 2048 apud
327 1950 564 2050 Eporediam,
584 1952 692 2052 Alpes
715 1967 951 2052 transgressus
976 1944 1013 2022 in
1040 1949 1198 2026 Galliam
1221 1974 1282 2025 re-

212 2089 334 2138 versus
352 2082 417 2140 est.
435 2069 511 2166 lpsa
532 2083 653 2142 aestate
672 2083 773 2167 capta
789 2083 842 2141 est
861 2068 1078 2155 Barcinoua‚
1095 2068 1224 2141 civitas
1244 2069 1280 2141 iu

213 2181 400 2281 Hispania,
420 2187 496 2283 jam
519 2182 669 2260 biennio
695 2183 848 2260 obsessa.
873 2186 989 2258 Zatuu
1012 2184 1066 2283 (5)
1089 2182 1281 2284 praelectus

212 2303 286 2398 ejus
305 2317 342 2374 et
361 2302 420 2374 alii
444 2302 646 2402 complures
667 2303 852 2377 Sarraceni
878 2300 1143 2402 comprehensi.
1170 2302 1223 2376 Et
1244 2302 1279 2374 in

212 2418 312 2491 ltalia
328 2421 437 2494 Teate
453 2420 577 2493 civitas
591 2420 756 2495 similiter
771 2437 871 2520 capta
888 2438 925 2495 ct
940 2423 1083 2494 incensa
1100 2435 1175 2510 est,
1192 2423 1281 2521 ejus-

213 2560 284 2633 que
291 2536 674 2636 praefectusRoselmus
682 2538 1284 2641 comprehensus(6).Castellaqoe

214 2650 257 2723 ad
272 2654 383 2750 ipsam
399 2655 580 2729 civitatem
594 2656 843 2756 pertinebant,
859 2658 897 2729 in
906 2656 1132 2732 deditionem
1143 2672 1283 2758 accepta

215 2787 312 2841 sunt.
331 2773 447 2846 Zatun
462 2791 498 2847 et
514 2774 702 2848 Roselmus
717 2802 787 2847 una
801 2774 915 2850 dicad
930 2777 1162 2876 praesentiam
1174 2776 1283 2877 impe·

215 2887 346 2959 ratoris
358 2887 501 2962 deducti
516 2892 589 2990 (7),
606 2908 643 2964 et
654 2891 764 2965 exilio
778 2889 935 2965 damnati
951 2907 1049 2966 sunt.
1068 2894 1186 2994 lpsius
1200 2892 1282 2967 anui

250 3226 260 3287 (
266 3227 290 3296 ι)
307 3225 341 3279 D.
356 3225 445 3300 Bouq.
462 3228 572 3300 legatus
586 3231 660 3300 regis
674 3227 835 3282 Persarum.

250 3312 290 3383 (a)
308 3314 361 3368 Hic
370 3315 495 3371 Pertaius
507 3316 537 3370 in
548 3317 621 3371 notis
633 3315 718 3371 babet
730 3339 736 3368 :
749 3315 898 3371 Fossatum
910 3316 928 3369 i.
939 3333 965 3370 e.
979 3333 1097 3387 regnam
1106 3313 1173 3370 Fes.
1185 3312 1242 3371 Sed
1250 3311 1282 3368 de

216 3400 271 3455 hoc
283 3421 386 3475 regno,
403 3404 479 3478 quod
489 3405 614 3460 nondum
626 3404 765 3471 exstabat,
779 3406 824 3478 agi
837 3423 894 3459 non
908 3414 1014 3478 potest,
1024 3422 1082 3478 quo
1095 3402 1182 3460 modo
1194 3412 1281 3460 auten

216 3511 267 3546 vox
282 3493 428 3549 Fossatum
442 3515 536 3551 vocem
548 3496 685 3550 arabicam
703 3493 878 3568 Casmadym
890 3493 1046 3567 significare
1057 3494 1147 3567 possit
1158 3503 1239 3564 nota,
1251 3489 1281 3547 ad

217 3581 320 3637 calcem
334 3584 418 3655 hujus
431 3585 580 3640 voluminis
594 3586 708 3657 rejecta,
723 3583 882 3658 exponitur.

253 3670 292 3742 (5)
309 3672 355 3728 Al.
371 3674 573 3746 Sigimundoet
585 3674 657 3729 iufra
672 3672 865 3746 Sigimundus.

251 3761 291 3831 (4)
310 3760 363 3814 All.
385 3761 659 3829 Ercltembauldum,
687 3760 924 3827 E'mbinboldm,
950 3757 1201 3827 Balanteum,
1227 3757 1280 3813 Bt·

218 3848 417 3903 claaubaldum.

253 3936 293 4011 (5)
312 3940 365 3994 ΑΗ.
380 3943 497 4005 Zatum,
514 3942 612 3996 Zalus.

255 4032 292 4103 (6)
311 4033 399 4087 Ccdd.
413 4034 481 4103 [leg.
497 4034 558 4087 Par.
572 4032 657 4106 5924,
670 4034 795 4088 Hanoor.
808 4042 837 4085 et
848 4028 1010 4085 Vindobon.
1028 4047 1094 4082 110:
1110 4025 1280 4099 comprehen-

220 4142 267 4174 sus·
280 4134 330 4175 est.

202 4237 207 4245 ·
252 4210 291 4283 (7)
311 4211 344 4266 l),
360 4211 445 4285 llouq.
462 4231 524 4265 curu
539 4211 601 4266 cod.
619 4211 781 4269 Vindobcn.
797 4226 867 4282 990:
883 4207 1018 4279 perducti.
