3000 5272
209 378 271 436 rto
648 372 838 432 Kanotus.

211 505 330 577 batur.
347 504 400 578 lbi
418 507 630 604 supplicatio
646 531 711 603 per
727 503 887 577 triduum
902 504 1014 593 sacta,
1034 522 1077 578 ut
1094 505 1131 578 id
1143 505 1282 581 beilum

210 645 401 719 prosperos
430 647 470 691 ac
495 619 614 693 felices
643 617 789 692 haberet
816 635 977 692 eventus.
1010 620 1107 693 Tum
1135 621 1282 696 demum

211 753 323 809 castra
340 752 456 823 mota,
482 752 518 809 et
534 736 671 808 bellum
688 736 786 835 genti
804 736 999 809 Hunorum
1021 761 1041 807 a
1065 738 1213 813 Francis
1231 739 1284 813 iu·

210 853 431 926 dictumest.
450 854 564 925 Pulsis
583 855 691 952 igitur
714 854 906 925 Hunorum
923 852 1120 952 praesidiis,
1140 880 1181 927 ae
1202 853 1285 929 des-

212 973 339 1043 tructis
370 970 658 1056 munitionibus,
687 996 837 1069 quarum
870 997 941 1042 una
966 998 1073 1070 super
1107 971 1283 1047 Canthum

212 1088 381 1176 fluvium,
402 1089 510 1161 altera
525 1092 627 1185 juxta
649 1088 870 1186 Comagenos
895 1088 1079 1163 civitatem
1103 1090 1144 1162 in
1160 1105 1285 1164 moute

213 1206 436 1305 Cumeoberg
453 1206 618 1304 (1)vallo
638 1203 845 1277 firmissimo
866 1221 942 1277 erat
962 1222 1163 1293 exstructa,
1187 1206 1285 1280 ferro

215 1337 251 1394 et
275 1323 356 1420 igne
375 1339 502 1393 cuncta
522 1338 717 1393 vastantur.
739 1321 902 1419 Cumque
923 1349 987 1395 rex
1005 1348 1089 1394 cum
1107 1348 1153 1396 eo
1179 1350 1285 1423 quem

215 1435 368 1509 ducebat
385 1439 545 1510 exercitu
566 1434 735 1536 usquead
753 1433 952 1509 Arrabonis
964 1437 1100 1511 fluenta
1116 1439 1283 1528 venisset,

216 1555 424 1627 transmisso
441 1554 566 1627 eodem
584 1552 715 1640 fluvio,
739 1578 803 1650 per
820 1553 938 1651 ripam
954 1557 1031 1652 ejus
1043 1580 1160 1654 usque
1171 1553 1219 1628 ad
1230 1554 1285 1629 Ιο-

218 1695 298 1741 cum
319 1671 446 1770 inquo
471 1672 499 1741 is
519 1665 685 1741 Danubio
709 1669 878 1740 miscetur
899 1669 1064 1759 accessit,
1088 1667 1287 1770 ibiqueper

216 1785 355 1884 aliquot
370 1783 443 1857 dies
468 1784 604 1855 stativis
622 1780 770 1870 habitu,
793 1810 858 1881 per
876 1780 1059 1856 Sabariam
1077 1785 1137 1883 (2)
1155 1786 1286 1860 reverti

219 1901 355 1972 statuit.
390 1899 485 1972 Alias
517 1923 604 1972 vero
633 1899 770 1997 copias,
791 1897 922 1999 quibus
954 1899 1232 1973 Theodericum
1254 1916 1287 1973 et

219 2015 476 2116 Meginfridum
492 2014 715 2114 praefecerat,
728 2042 792 2113 per
802 2015 1050 2090 Behemannos
1062 2020 1131 2114 (ὅ),
1148 2018 1207 2089 via
1221 2042 1286 2118 qua

220 2151 411 2222 venerant,
431 2134 561 2206 reverti
581 2135 766 2232 praecepit.
785 2133 843 2204 Sic
857 2149 1040 2230 peragrata
1052 2159 1094 2206 ac
1110 2134 1286 2207 devastata

221 2278 347 2350 magna
363 2266 463 2350 parte
479 2251 690 2337 Pannoniae,
712 2277 795 2322 cum
814 2250 990 2323 incolumi
1004 2252 1167 2325 exercitu
1179 2253 1285 2324 Frau-

223 2393 351 2441 corum
372 2368 407 2440 in
424 2368 620 2464 Bajoariam
638 2394 673 2439 so
690 2368 838 2466 recepit.
854 2367 1012 2442 Saxones
1023 2383 1147 2442 autem
1164 2384 1205 2443 et
1217 2369 1287 2442 nt-

222 2487 339 2560 siones
360 2511 443 2557 oum
461 2483 689 2558 Theodorico
714 2502 750 2559 et
767 2485 985 2584 Meginfrido
1011 2513 1077 2585 per
1091 2484 1287 2565 Behemo·

223 2628 291 2676 nos
297 2654 309 2690 ,
329 2619 370 2674 ut
389 2606 527 2700 jussum
545 2619 622 2674 erat
645 2604 713 2700 (4),
734 2603 883 2674 domum
900 2603 1048 2701 regressi
1070 2618 1173 2677 sunt.
1188 2605 1288 2676 Facta

224 2734 278 2792 est
292 2718 368 2792 haec
384 2717 563 2816 expeditio
576 2724 652 2792 siue
664 2721 764 2792 omni
782 2746 904 2792 rerum
921 2720 1176 2808 incommodo,
1199 2747 1289 2823 pro-

228 2850 282 2907 ter
293 2834 391 2934 quod
404 2836 441 2905 in
456 2834 519 2907 illo
528 2861 637 2936 quem
648 2861 712 2908 rex
724 2835 1058 2926 ducebatexercitu,
1074 2854 1175 2911 unta
1188 2863 1289 2939 equo

228 2978 311 3022 rum
328 2951 402 3023 lues
418 2967 540 3023 exorta
556 2969 625 3040 est,
644 2967 685 3022 ut
698 2952 759 3024 vix
771 2950 906 3025 decima
919 2980 1001 3052 pars
1010 2951 1053 3026 de
1068 2969 1123 3028 tot
1134 2953 1289 3041 millibus

228 3095 404 3168 equorum
418 3069 625 3141 remansisse
641 3067 790 3141 dicatur.
807 3071 883 3168 lpse
899 3087 1016 3143 autem
1030 3096 1129 3159 cum,
1139 3070 1290 3145 dimissis

229 3188 354 3286 copiis,
369 3187 547 3287 Reginum
561 3186 755 3274 civitatem,
770 3214 852 3288 quae
867 3215 965 3261 nunc
980 3187 1290 3291 Reganesburg(5)

267 3531 306 3603 (a)
323 3529 378 3585 All.
396 3531 565 3601 Cumeberg,
585 3531 732 3602 Quioberg.

268 3627 307 3686 (a)
327 3617 381 3673 All.
397 3618 560 3681 Sabaniam,
578 3619 725 3673 Sarahiam
732 3645 740 3681 ;
755 3619 789 3672 D.
801 3619 886 3695 Bouq.
901 3639 965 3675 cum
978 3620 1101 3677 Nuenar.
1115 3625 1221 3681 comite
1231 3644 1292 3696 :per

235 3712 407 3785 Bajoariam.

269 3797 307 3871 (ὃ)
325 3799 370 3854 Sic
391 3799 513 3852 Nuenar.
529 3816 620 3852 coines
639 3808 667 3851 et
683 3799 718 3852 D.
737 3800 825 3872 Bouq.
845 3798 983 3853 Freherus
1001 3822 1006 3852 ε
1026 3798 1207 3872 regmos.
1226 3798 1290 3858 cod.

234 3886 397 3942 Vindobon.
412 3904 483 3960 990:
500 3885 645 3938 Bokernos.
660 3888 758 3940 Pertz:
776 3887 948 3941 Beehaimos.

269 3977 308 4045 (4)
326 3975 463 4029 therus
478 3998 483 4025 ι
497 3974 628 4045 jusserat.

270 4065 308 4134 (5)
327 4065 397 4120 Cod.
413 4064 574 4122 Vindobon.
593 4083 657 4117 110:
678 4064 875 4134 Retragebmp.
890 4063 960 4119 Cod.
976 4062 1064 4133 ejusd.
1078 4062 1214 4119 uittioth.
1225 4080 1289 4139 99⁰:

236 4156 398 4225 Ralt'sponn.
