3000 5272
192 404 231 464 76
444 402 537 463 vm
559 401 705 465 Kbelal
727 394 1000 465 mmnTORIS.

240 530 380 609 XXIV.
408 533 450 604 ln
468 529 551 606 cibo
564 532 620 630 (t)
636 548 673 606 ct
687 544 779 630 potu
795 545 1016 630 temperans,
1031 527 1149 605 sedin
1165 543 1257 629 potu

192 646 463 744 temperantior,
481 645 616 745 quippe
632 646 695 746 qui
715 642 927 719 ebrietatem
945 645 983 717 iu
1003 642 1259 745 qualicumque

192 761 339 837 bomine
349 815 359 848 ,
379 761 514 835 nedum
531 763 568 834 in
587 789 625 836 se
643 788 683 834 ac
704 763 792 851 suis,
807 761 1014 861 ,plurimum
1029 757 1260 835 abominaba-

193 894 267 951 tur.
290 876 382 953 Cibo
402 879 501 953 enim
522 905 598 954 uon
615 879 703 954 adeo
725 877 906 974 abstinere
926 893 1092 978 poterat,
1108 893 1154 951 ut
1167 903 1260 977 saepe

193 1008 418 1094 quereretur,
434 995 542 1068 noxia
561 996 705 1095 corpori
719 1020 784 1069 suo
797 1021 869 1068 esse
877 994 1024 1093 jejunia.
1040 991 1260 1068 Conuiuaba-

195 1127 256 1182 tur
270 1110 326 1208 (a)
340 1112 537 1194 rarissime,
553 1127 589 1185 et
603 1111 672 1185 boc
685 1112 876 1212 praecipuis
894 1124 1037 1182 tantm
1052 1108 1262 1184 festivitati-

195 1226 281 1314 bus,
316 1241 404 1299 tunc
441 1242 563 1301 tamen
598 1254 681 1300 cum
711 1253 842 1327 magno
869 1226 1060 1300 hominum
1092 1251 1257 1301 numero.

197 1344 309 1417 Goena
325 1345 380 1442 (ὅ)
394 1343 600 1444 quotidiana
615 1345 799 1444 quaternis
814 1358 957 1416 tantum
968 1341 1119 1416 ferculis
1129 1340 1262 1442 praebe

197 1456 318 1547 batur,
336 1474 469 1558 praeter
488 1486 620 1546 assam,
640 1486 749 1558 quam
760 1476 947 1532 venatores
962 1444 1120 1531 verubus
1131 1457 1193 1557 (4)
1208 1456 1261 1528 in-

198 1573 293 1647 ferre
307 1572 488 1662 solebant,
507 1601 576 1674 qua
598 1574 659 1648 ille
680 1574 852 1648 libentius
870 1600 982 1674 quam
1001 1573 1079 1647 ullo
1094 1572 1168 1647 alio
1183 1569 1262 1646 cibo

200 1690 420 1765 vescebatur.
439 1693 540 1764 Inter
556 1691 775 1765 coenandum
792 1709 855 1763 aut
873 1689 1021 1791 aliquod
1035 1713 1203 1762 acroama
1212 1688 1263 1784 (5)

201 1823 263 1881 aut
279 1809 451 1883 lectorem
462 1808 640 1883 audiebat.
659 1808 886 1910 Legebantur
896 1809 929 1880 ei
946 1805 1109 1880 historiae
1120 1818 1161 1879 et
1174 1803 1262 1879 anti-

202 1952 360 2027 quorum
385 1953 441 2000 ros
456 1927 511 2024 (6)
537 1941 658 2025 gestae.
687 1925 938 2000 Delectabatur
963 1939 1000 1998 et
1025 1921 1131 1997 libris
1156 1922 1264 1997 sancti

203 2042 413 2143 Augustini,
433 2045 685 2143 praecipueque
700 2043 754 2116 bis
770 2043 832 2143 qni
848 2042 1048 2116 decivitate
1060 2041 1128 2114 Dei
1144 2039 1267 2140 prasti-

206 2160 310 2232 tulati
322 2175 407 2233 sunt
421 2160 490 2258 (7).
510 2160 596 2234 Vini
609 2161 664 2258 (8)
678 2178 715 2234 et
728 2161 846 2234 omnis
862 2174 969 2259 potus
980 2156 1069 2233 adeo
1084 2182 1215 2257 parcan
1230 2155 1265 2229 in

206 2274 365 2351 bibendo
389 2293 467 2351 erat
477 2332 488 2366 ,
519 2293 561 2351 ut
585 2304 692 2376 super
715 2303 859 2350 coenam
879 2302 964 2350 raro
978 2276 1060 2376 plns
1083 2300 1196 2377 qaum
1216 2288 1266 2348 tet·

206 2394 361 2469 biberet.
379 2397 515 2470 AEstatc
528 2410 609 2495 post
624 2396 677 2494 (9)
697 2393 817 2468 cibum
828 2393 1267 2492 meridianumpcmom

208 2509 342 2610 aliquid
359 2536 521 2599 sumens,
539 2538 581 2585 ac
593 2511 701 2584 semel
712 2507 858 2595 bibens,
874 2507 1046 2607 depositis
1061 2498 1222 2581 vestibus
1234 2518 1267 2579 ct

210 2628 473 2715 calceamentis,
493 2627 591 2701 velut
607 2642 720 2701 noctu
732 2625 859 2700 solitus
869 2638 965 2716 erat,
978 2621 1118 2697 duabus
1127 2620 1266 2697 autui-

210 2742 276 2815 bus
304 2743 402 2817 boris
428 2744 645 2845 quiescebat.
673 2743 850 2818 Noctibus
873 2743 953 2841 (ιο)
979 2741 1031 2814 sic
1052 2736 1264 2823 domisbnt.

211 2875 254 2931 ut
270 2887 438 2935 somnum
458 2877 585 2959 quater
610 2877 673 2934 aut
689 2860 880 2960 quinquies
904 2882 980 2931 non
1002 2856 1120 2930 solum
1145 2878 1266 2956 expet·-

249 3168 288 3231 (t)
306 3163 350 3218 Cl.
365 3162 441 3217 Suet.
456 3164 529 3236 Aug.
544 3182 567 3217 c.
579 3163 621 3239 76.

248 3264 287 3334 (a)
305 3263 349 3318 cf.
365 3262 433 3318 ibid.
449 3281 473 3319 c.
489 3267 532 3334 74.

250 3362 288 3434 (3)
306 3365 349 3420 Cf.
364 3363 432 3419 ibid.
946 3407 947 3411 ,

250 3468 289 3538 (t)
307 3468 350 3521 Ita
359 3467 463 3522 habent
475 3468 510 3522 D.
525 3468 622 3541 bouq,
637 3467 758 3523 Noenar.
770 3485 862 3523 comes
870 3478 899 3523 et
909 3478 1029 3542 quatuor
1041 3466 1123 3523 codd.
1136 3464 1269 3521 -tew

215 3557 338 3612 acribus.

251 3658 289 3730 (5)
309 3659 351 3714 Cl.
370 3659 447 3715 Suet.
460 3661 531 3731 Aug.
544 3677 569 3712 c.
582 3663 633 3733 74;
647 3659 761 3732 Vespas.
777 3677 800 3713 c.
818 3677 859 3733 ¹9·

250 3760 289 3834 (6)
308 3762 430 3816 Nuenar.
442 3779 547 3830 comes,
563 3780 627 3816 cum
640 3772 702 3817 octo
716 3760 798 3817 codd.
813 3780 909 3836 regum
923 3769 1012 3833 gesta.

251 3867 291 3941 (7)
308 3865 430 3921 Nuenar.
444 3883 535 3919 comes
550 3889 555 3920 :
572 3886 640 3938 quos
653 3866 687 3922 de
701 3869 809 3922 civitate
822 3866 877 3921 Dei
886 3867 1036 3937 inscripsit.

253 3969 291 4039 (8)
308 3968 352 4024 Cf.
368 3968 442 4023 Suet.
454 3968 526 4039 llug.
543 3987 567 4022 c.
581 3987 625 4044 77.

255 4076 294 4143 (9)
312 4072 357 4127 Cl.
372 4072 448 4127 Suet.
463 4074 536 4143 Aug.
553 4090 576 4124 c.
592 4072 635 4145 78.

253 4173 309 4237 (ιο)
327 4175 370 4228 Cl.
386 4172 453 4226 ibid.
