3000 5272
386 417 451 474 xvir
641 408 881 472 TESTIMONIA
902 409 954 469 DE
976 406 1192 469 ElllllARDO.

430 546 447 583 tt
457 522 593 604 Sequitur
603 520 671 581 buic
678 521 818 602 opusculo
830 545 839 581 ε
854 519 916 604 Ego
926 519 1044 581 Strabus
1055 519 1201 601 tytuloset
1211 516 1365 577 incisim
1373 528 1435 598 ptest

388 622 481 679 visum
501 632 544 679 est
559 639 717 700 congruum
733 619 853 690 inserui,
872 630 904 677 ut
924 617 959 678 ad
975 616 1089 699 singula
1103 614 1229 676 faciliter
1240 614 1374 695 qumti
1387 613 1439 695 quil

387 716 526 797 placuerit
537 715 680 774 elucescat
691 734 832 773 accessus.
847 714 925 773 Finit
937 712 1081 793 prologus.
1094 738 1109 764 ι

681 928 729 983 lV.
751 931 799 985 EX
817 926 996 987 EPISTOLA
1012 923 1168 985 Mecum

744 1058 778 1111 ad
790 1058 919 1111 Karoluro
932 1050 1059 1127 Magnum
1068 1059 1114 1124 (a).

429 1219 554 1283 Domino
573 1224 700 1304 piissimo
723 1237 751 1284 et
770 1224 1004 1305 prestantissimo
1026 1223 1126 1284 ΒΜ»
1139 1223 1222 1304 regi,
1238 1219 1370 1283 Fucens
1385 1222 1449 1281 esri-

390 1320 455 1378 tatis
473 1320 582 1378 calamo
593 1320 758 1380 vulneratus
770 1319 901 1379 salutem.
957 1318 1084 1395 Quidam
1093 1315 1211 1379 tadeus
1224 1314 1324 1377 Julius
1333 1316 1447 1385 nomine,

389 1437 456 1475 eum
471 1416 555 1476 Petro
568 1417 704 1498 magistro
718 1416 818 1475 babuit
833 1414 1056 1497 disputationem
1060 1459 1123 1478 .....
1135 1412 1220 1473 Idem
1230 1410 1341 1474 Petrus
1347 1410 1399 1471 tuit
1408 1414 1448 1493 qui

390 1512 420 1569 in
444 1510 553 1590 palatio
578 1524 672 1571 vestro
692 1510 909 1592 grammaticam
931 1511 1039 1571 docens
1063 1508 1180 1571 claruit.
1203 1506 1319 1567 Forsan
1342 1504 1450 1567 Onam

389 1618 482 1666 vester
492 1605 604 1687 aliquid
616 1606 720 1666 exinde
731 1606 868 1666 audivita
882 1607 1019 1689 magistro
1032 1603 1180 1686 praedicto.
1194 1601 1267 1663 Misi
1277 1602 1450 1664 Excellens:

388 1713 487 1760 vestrae
503 1699 642 1780 quasdam
653 1701 762 1781 species
777 1701 935 1760 dictionum
949 1706 1004 1778 (a),
1019 1698 1160 1780 exemplis
1170 1696 1219 1758 vel
1229 1696 1362 1758 versibus
1373 1718 1450 1758 verse

389 1795 471 1855 randi
488 1795 579 1854 Patris
590 1795 634 1871 (3)
648 1796 848 1868 confirmatas,
871 1808 899 1855 et
919 1796 1030 1877 aliquos
1043 1795 1148 1877 figuras
1162 1792 1355 1853 arithmetice
1368 1792 1451 1853 subti-

387 1891 474 1951 litatis
486 1895 541 1967 (4),
557 1891 659 1950 laetitiae
672 1913 770 1964 causa,
784 1892 814 1950 in
827 1888 949 1964 cenula,
963 1912 1051 1971 qnam
1062 1890 1145 1949 nobis
1156 1908 1282 1949 vacuam
1295 1888 1448 1955 direxistis;

387 1997 421 2044 ut
432 1987 534 2044 vestita
548 1985 701 2060 reveniret,
713 2006 777 2066 quae
786 1985 864 2045 nuda
875 1999 974 2045 nostro
984 2006 1016 2045 se
1025 1982 1163 2045 offerebat
1179 1986 1322 2065 aspectui.
1334 1983 1450 2064 Dignum

387 2082 544 2154 estimans,
560 2094 592 2139 ut
611 2083 715 2141 nostris
731 2081 921 2141 honoraretur
934 2081 1037 2154 literis,
1054 2100 1117 2161 quae
1130 2091 1228 2138 vestm
1244 2078 1343 2160 sigillo
1355 2077 1393 2137 ad
1407 2098 1451 2137 nos

387 2177 537 2237 nobilitata
546 2179 687 2257 pervenit.
701 2176 773 2236 Etsi
784 2177 881 2237 minus
892 2176 965 2259 qnid
974 2176 1172 2259 exemplorum
1183 2173 1314 2234 debeant
1322 2172 1451 2256 predict:

388 2274 516 2354 species,
533 2272 699 2347 annueeu,
719 2286 814 2333 vester
838 2274 927 2331 immo
941 2284 970 2331 et
985 2285 1083 2332 noster
1101 2270 1257 2331 familiaris
1278 2270 1406 2349 adjutor,
1421 2270 1451 2329 de

386 2369 513 2448 paternis
526 2369 654 2429 versibus
666 2390 812 2450 apponere
824 2370 946 2449 poterit;
959 2388 1072 2428 necnon
1084 2380 1114 2427 ct
1124 2367 1285 2449 figurarum
1296 2365 1450 2426 rationein

386 2461 485 2521 libello
500 2462 684 2522 arithmetice
707 2463 865 2543 disciplinae
888 2463 1070 2523 considerare
1083 2462 1172 2523 valet.
1193 2460 1376 2521 Punctosum
1393 2480 1451 2519 reto

386 2557 584 2617 distinctiones
601 2559 646 2618 vel
664 2558 936 2629 subdistinctiones,
954 2558 1022 2618 licet
1038 2569 1172 2617 ornatum
1191 2554 1305 2617 iaciant
1326 2554 1451 2637 pulcher*

386 2653 491 2712 rimum
506 2654 536 2712 in
551 2655 717 2727 sententiis,
732 2666 829 2713 tamen
845 2675 912 2713 usus
925 2654 1042 2714 illonrm
1054 2664 1173 2735 propter
1182 2653 1377 2713 rusticitatem
1386 2670 1449 2733 pene

384 2749 501 2807 recessit
515 2771 530 2808 a
545 2748 740 2831 scriptoribus.
754 2747 810 2809 Sed
825 2750 898 2809 sicut
911 2750 998 2809 totius
1011 2748 1158 2829 sapientie
1171 2746 1263 2808 decus
1281 2761 1311 2809 et
1330 2748 1449 2809 salutaris

385 2842 555 2903 eruditionis
587 2857 722 2917 ornatus,
747 2865 800 2925 per
820 2857 919 2904 vestrae
943 2844 1098 2904 nobilitatis
1123 2842 1300 2904 iudustriam
1330 2844 1448 2905 moveri

383 2941 504 3019 iucipit3
521 2941 561 2999 ita
576 2954 604 2999 et
618 2941 720 3000 borum
734 2962 803 3000 usus
816 2941 847 2999 in
867 2940 999 3000 manibus
1015 2941 1203 3000 scribentium
1216 2938 1448 3023 redintegnadus

384 3055 446 3093 esse
459 3038 567 3115 optimc
581 3036 706 3096 videtur.
723 3034 785 3118 Ego
796 3037 905 3116 itaque,
917 3036 985 3096 licet
994 3057 1098 3117 parum
1108 3036 1447 3117 proficiens,me

385 3131 450 3190 nica
469 3131 599 3212 quotidie
615 3154 713 3214 pugno
732 3134 902 3194 rusticitate.
927 3132 1031 3193 Vestra
1053 3152 1121 3192 vero
1143 3134 1304 3193 auctoritas
1319 3130 1446 3215 phtius

384 3227 496 3286 erudiat
513 3248 631 3308 pueros,
646 3240 678 3286 ut
690 3228 903 3309 elegantissime
918 3226 1082 3309 proferant,
1097 3224 1245 3308 quidquid
1258 3229 1349 3289 vestri
1361 3242 1445 3287 scau

384 3321 560 3381 lucidissima
573 3321 723 3382 dictaverit
735 3323 918 3403 eloquentia,
936 3336 969 3383 ut
980 3321 1088 3403 ubique
1100 3320 1207 3403 regalis
1216 3323 1350 3383 nominis
1361 3320 1444 3381 etun

382 3417 556 3496 decurrens,
571 3419 674 3501 regalis
688 3420 835 3500 sapientise
847 3418 1025 3478 nobilitatem
1037 3414 1181 3477 ostendat.

416 3703 452 3766 (r)
465 3700 550 3767 Epist.
564 3718 655 3751 cxxxv.
668 3704 762 3751 Alontas·
770 3722 829 3767 oper.
844 3712 907 3753 tom.
915 3704 937 3764 l,
949 3717 1008 3769 prag.
1023 3700 1141 3754 radun&
1151 3692 1221 3753 lidit.
1231 3698 1270 3753 dc
1281 3700 1407 3771 Pappu-

414 3781 451 3844 (α)
460 3779 482 3831 ΙΙ
495 3779 570 3847 s'agit
579 3778 781 3846 probablcment
791 3781 828 3831 du
840 3781 920 3831 traitd
931 3779 1135 3847 d'ortbograpbs
1148 3780 1275 3847 compend
1283 3796 1334 3849 ptr
1346 3778 1445 3837 ΔΗΙ,

381 3867 409 3908 ct
418 3857 543 3923 imprime
558 3875 616 3908 sous
627 3874 657 3908 cc
666 3857 746 3909 titre:
761 3860 898 3923 opusculum
908 3860 937 3905 de
947 3859 1121 3924 orthographia,
1132 3866 1201 3911 tom.
1214 3854 1252 3921 ll,
1263 3872 1325 3927 pag.
1337 3856 1383 3910 bt
1392 3854 1446 3909 d·

381 3933 465 3987 t'edit.
480 3935 513 3985 de
524 3936 652 4002 Foppens.

413 4014 449 4077 (3)
461 4012 500 4063 Lo
511 4012 650 4064 vdndrable
664 4011 742 4063 Bide.

413 4091 449 4156 (4)
460 4089 589 4141 C'dtnient
607 4108 664 4141 suns
684 4091 765 4142 doute
783 4091 828 4141 des
845 4090 994 4157 proble'nses
1012 4090 1120 4143 extmits
1135 4089 1173 4141 du
1181 4088 1327 4143 Tuticus
1336 4090 1446 4142 Ab

378 4172 429 4215 sicis
437 4170 602 4217 subtilitatibus
610 4172 643 4216 ad
650 4173 764 4219 scamas
772 4171 877 4234 juvenes,
895 4168 985 4235 publid
999 4186 1046 4235 par
1056 4168 1186 4237 Poppem.
1196 4176 1264 4221 lon·
1279 4170 1316 4233 ll,
1331 4184 1392 4239 Η.
1405 4164 1444 4235 “¹

380 4245 445 4296 dans
455 4245 538 4297 l'ddit.
552 4247 674 4312 prdeitde.
