3000 5272
484 385 723 449 rmrruosra
746 385 798 446 na
820 384 1034 445 arnasano.
1266 415 1291 469 ρ,

227 514 324 570 nivem
345 509 422 576 baud
448 510 589 569 modicam
609 508 748 569 decidisse
765 509 914 588 cognovit,
936 519 965 567 et
983 529 1020 566 ne
1038 528 1091 588 per
1104 511 1221 591 vestigia
1236 532 1292 590 pe-

194 605 195 609 ’
226 606 296 663 dum
306 605 433 665 virilium
445 606 560 686 agnitus
571 603 752 685 proderetur,
764 602 838 663 foras
849 603 927 661 exire
939 603 1035 661 timuit
1047 624 1056 659 c
1069 603 1227 684 ambosque
1242 627 1293 685 pro

225 701 402 759 conscientia
418 699 484 758 facti
502 700 631 759 anxietas
645 698 731 758 simul
746 711 774 757 ct
794 697 934 772 formido,
957 699 1034 758 intus
1050 719 1199 759 remanere
1212 723 1294 760 com-

226 794 311 873 pulit.
339 794 470 875 Cumque
494 795 583 853 nimia
604 793 798 853 sollicitudine
818 793 1005 867 fluctuantes,
1030 795 1102 874 quid
1126 794 1201 855 lacte
1222 818 1294 877 epus

224 902 300 949 esset
315 890 506 949 deliberarent
524 914 532 948 a
553 890 669 950 tandem
687 889 897 972 elegantissima
910 889 1084 967 juvencula,
1100 912 1187 971 quam
1201 893 1295 953 auda-

225 1006 288 1043 cem
303 983 424 1044 iaciebat
436 1007 527 1057 amor,
546 985 699 1045 consilium
713 985 813 1057 dedit,
829 997 862 1043 ut
875 985 937 1066 ipsa
949 984 1067 1064 quidem
1081 1005 1167 1066 super
1180 1007 1210 1045 se
1223 988 1295 1046 iusi·

225 1081 343 1139 dentem
356 1081 494 1140 inclinata
505 1083 664 1162 exciperet,
680 1101 802 1161 eumque
813 1101 905 1160 usqam
919 1080 957 1138 ad
967 1081 1063 1141 locum
1081 1080 1157 1140 illius
1172 1081 1296 1165 bospitio

224 1178 411 1257 contiguum,
427 1177 643 1238 antelucanum
656 1176 837 1258 deportaret,
852 1177 949 1257 ibique
965 1198 999 1236 eo
1015 1175 1166 1257 deposito,
1182 1199 1294 1239 rursum

225 1295 279 1353 per
290 1274 388 1332 eadem
407 1275 527 1355 vestigia
539 1276 649 1333 cautius
665 1274 826 1346 observata,
846 1271 963 1332 rediret.
983 1270 1054 1330 Eam
1073 1285 1186 1332 noctem
1200 1277 1296 1355 impe-

225 1382 314 1442 rator,
328 1370 438 1442 divino,
450 1382 482 1428 ut
497 1370 634 1442 ereditur,
651 1383 734 1444 nutu,
750 1372 910 1428 insomnem
924 1368 1020 1439 duxit,
1036 1368 1212 1448 diliculoquc
1227 1391 1297 1429 een·

224 1487 365 1547 surgens,
383 1468 551 1546 eminusque
570 1465 607 1524 de
627 1466 691 1524 aula
713 1465 910 1544 prospiciens,
933 1464 1056 1522 intuitus
1075 1477 1117 1523 cst
1136 1465 1225 1524 liliam
1242 1466 1296 1526 sub

223 1560 342 1640 praelato
353 1582 440 1619 onere
451 1563 563 1619 nutanti
579 1582 677 1641 gressu
691 1561 739 1618 vix
754 1560 900 1630 incedere,
916 1571 944 1618 et
957 1558 995 1618 ad
1007 1558 1172 1618 condictum
1187 1561 1293 1633 locum,

224 1657 355 1737 deposita
376 1679 462 1736 quam
479 1658 606 1738 gestabat
621 1658 752 1728 sarcina,
773 1657 858 1714 celeri
875 1656 1013 1736 repedare
1032 1677 1162 1715 recursu.
1184 1658 1296 1732 Quibus

224 1753 316 1810 multo
336 1755 439 1812 intuito
459 1754 633 1832 perspectis,
660 1753 814 1832 imperator
837 1754 940 1831 partim
960 1751 1171 1824 admiratione,
1191 1757 1296 1834 partim

223 1847 323 1906 dolore
339 1860 501 1928 permotus,
516 1860 685 1906 nontamen
699 1847 807 1926 absque
819 1845 918 1905 divina
933 1846 1121 1926 dispositione
1133 1848 1162 1907 id
1176 1849 1237 1909 beri
1253 1870 1297 1908 re-

222 1955 342 2021 putans,
358 1963 419 2001 sese
433 1943 593 2013 continuit,
610 1954 637 2001 ct
652 1943 709 1999 visa
727 1941 842 1999 interim
857 1942 973 1999 silentio
989 1943 1157 2021 suppressit.

267 2036 380 2096 luterea
396 2036 558 2096 Eiubardus
577 2037 630 2095 sibi
645 2037 774 2094 conscius
791 2049 942 2115 certusque
962 2057 1023 2094 rem
1044 2036 1225 2097 nullomodo
1242 2039 1297 2098 do»

221 2135 335 2191 minum
361 2155 443 2191 suum
468 2154 564 2214 regem
592 2131 642 2191 diu
670 2132 757 2189 latere
784 2151 886 2209 posse,
912 2128 1028 2188 tandem
1053 2130 1128 2188 inter
1150 2133 1296 2212 angustias

220 2241 336 2307 reperto
351 2229 488 2300 consilio,
502 2230 702 2307 imperatorem
716 2225 894 2306 aggreditur,
909 2223 1029 2283 flexibus
1044 2224 1165 2305 genibus
1179 2228 1295 2285 missio-

220 2346 289 2383 nem
307 2325 475 2403 postnlans,
500 2345 629 2382 asserens
646 2335 687 2381 tot
703 2335 731 2380 et
749 2322 835 2379 tantis
854 2320 977 2379 servitiis
991 2320 1050 2377 suis
1066 2319 1208 2401 condigna
1237 2345 1293 2381 non

220 2419 341 2499 rependi
355 2422 480 2500 praemia.
494 2420 549 2477 llis
559 2419 682 2489 auditis,
696 2438 745 2476 rex
757 2416 936 2476 dissimulato
951 2417 991 2475 rei
1003 2427 1032 2473 et
1044 2427 1149 2474 eventu
1158 2428 1187 2475 et
1201 2419 1293 2487 exitu,

220 2515 273 2574 diu
292 2517 439 2574 conticuit.
457 2516 568 2574 Dehine
585 2537 651 2574 eum
668 2514 848 2585 certificans,
869 2533 899 2570 se
916 2511 1101 2591 postulationi
1116 2515 1179 2591 ejus
1196 2536 1294 2594 quau·

218 2612 313 2670 tocius
335 2634 557 2692 responsurum,
574 2613 651 2671 diem
672 2613 838 2681 constituit,
864 2610 1017 2688 statimque
1038 2609 1215 2669 consiliarios
1233 2613 1295 2691 pri-

218 2729 340 2786 mosque
361 2709 404 2764 sui
425 2709 505 2788 regni
530 2721 558 2766 et
575 2720 689 2767 ceteros
706 2727 835 2786 quosque
851 2706 903 2762 sibi
920 2703 1088 2776 familiares,
1104 2707 1209 2784 passim
1221 2728 1293 2766 eve-

218 2816 315 2872 catos,
340 2805 494 2861 convenire
508 2805 602 2881 jussit.
628 2783 807 2883 Cdngregata
828 2803 924 2880 itaque
945 2801 1095 2880 magnilica
1115 2801 1292 2865 diversarum

218 2899 392 2978 dignitatum
407 2899 580 2978 frequentia,
594 2901 631 2957 ita
646 2920 761 2957 exorsus
776 2910 818 2955 cst
836 2921 843 2954 ε
863 2925 876 2949 a
892 2895 1129 2975 Imperatoriam,
1145 2899 1291 2981 iuquiens,

218 3023 232 3044 «
255 2995 432 3070 majestatem
451 2995 538 3052 nimis
555 2995 720 3071 injuriatam
738 3015 799 3051 esse
813 3004 841 3049 et
856 2990 1020 3070 despectam
1040 2991 1070 3050 in
1094 2993 1215 3076 indigna
1236 3019 1292 3058 suae

220 3117 233 3138 ι
254 3088 317 3144 iiliae
333 3090 493 3168 notariique
507 3091 549 3147 sni
567 3090 750 3168 copulatione
763 3100 791 3146 et
808 3085 913 3144 exinde
928 3106 985 3143 non
1001 3086 1137 3147 mediocri
1154 3111 1214 3151 sese
1225 3099 1291 3175 agi-

221 3211 233 3233 «
253 3183 306 3239 tari
332 3184 556 3261 perturbatione.
582 3212 595 3236 n
619 3184 730 3256 Quibus
756 3184 845 3241 nimia
870 3193 985 3261 stupore
1005 3186 1166 3260 percussis,
1187 3187 1224 3246 de
1249 3192 1290 3249 rei

216 3279 345 3335 novitate
362 3301 394 3335 ac
413 3280 612 3359 magnitudine
631 3278 805 3358 quibusdam
820 3276 914 3336 adbuc
929 3276 1155 3358 ambigentibus,
1175 3304 1226 3341 rex
1242 3287 1290 3344 in-

218 3381 312 3435 notuit
323 3380 364 3436 eis
375 3380 548 3452 evidentius,
560 3380 684 3439 reserens
693 3382 759 3438 cisa
774 3378 949 3460 primordio,
960 3379 1031 3457 quid
1042 3388 1288 3467 persemetipsum

216 3474 329 3531 oculata
346 3473 401 3532 fide
418 3478 601 3555 cognoverit,
624 3477 832 3557 consiliumque
848 3496 947 3533 eorum
963 3495 996 3532 ue
1015 3480 1185 3539 sententiam
1202 3504 1289 3564 super

217 3568 270 3624 boe
295 3569 489 3646 expostulans.
512 3573 547 3628 At
574 3571 617 3628 illi
650 3573 724 3628 inter
747 3591 776 3628 se
797 3569 900 3628 diversi
926 3567 1037 3626 diversa
1062 3576 1232 3651 sentientes,
1256 3582 1286 3640 in

217 3678 429 3742 praesumtorem
445 3665 530 3744 hujus
545 3669 585 3725 rei
605 3666 689 3724 dairas
702 3679 731 3726 et
744 3666 837 3724 varias
849 3663 954 3722 dedere
969 3668 1136 3740 sententias,
1151 3670 1213 3730 allis
1224 3677 1287 3735 siue

216 3759 350 3837 exemplo
360 3759 551 3837 puniendum,
563 3761 626 3819 aliis
638 3761 725 3819 exilio
739 3758 957 3831 damnandum,
972 3759 1034 3817 aliis
1048 3760 1104 3820 alio
1119 3766 1204 3827 modo
1224 3769 1286 3831 dia-

217 3853 414 3930 perdendum,
432 3868 463 3913 ut
477 3857 581 3934 cuique
595 3858 717 3935 impetus
731 3869 791 3914 erat
806 3853 1048 3934 adjudicantibus.
1066 3855 1154 3917 Porro
1167 3863 1286 3942 quidam

216 3951 307 4006 exeis
329 3962 409 4007 tanto
428 3952 565 4021 mitiores,
588 3951 685 4010 habita
711 3973 807 4010 seeum
833 3949 1050 4028 deliberatione,
1076 3974 1162 4032 quarn
1186 3961 1287 4023 intime

217 4065 313 4124 regem
330 4067 496 4118 exoravere,
510 4049 645 4126 quatinus
661 4049 721 4128 ipse
736 4069 795 4106 rem
811 4066 862 4126 per
872 4046 1055 4124 semetipsum
1070 4053 1246 4131 examinare,
1258 4075 1287 4119 et

216 4139 375 4196 secundum
402 4139 539 4199 divinitus
565 4142 590 4198 ei
616 4142 749 4201 collatam
767 4141 937 4221 sapientiam
956 4138 1079 4202 diffinire
1107 4147 1282 4229 dignaretur.

219 4233 326 4290 l'erum
349 4234 397 4291 ubi
416 4256 466 4292 rex
483 4236 662 4317 singulorum
678 4239 751 4297 circa
767 4259 796 4297 se
812 4237 946 4295 affectum
963 4237 1151 4317 ponderavit,
1168 4261 1196 4308 et
1211 4252 1286 4312 inter
