3000 5272
214 407 252 465 88
467 404 560 461 vm
582 403 726 462 lestolt
751 402 1023 463 tttPEttstottts.

214 534 407 634 linguaque
423 549 623 632 amputata,
645 533 750 607 lidem
768 536 861 633 regis
879 534 1071 633 implorare
1087 534 1280 632 compule-

214 667 314 722 runt.
340 649 477 722 Idcirco
500 653 652 723 Romam
670 650 831 740 veniens,
854 664 1004 748 propter
1017 648 1276 749 reparandum,

213 769 275 868 qui
291 769 398 840 nimis
409 766 645 840 conturbatus
656 782 748 855 erat,
764 767 920 839 ecclesiae
933 782 1079 854 statum,
1094 763 1145 838 ibi
1159 781 1279 841 totum

214 881 341 956 hiemis
364 899 503 982 tempus
525 884 689 956 extraxit.
710 883 792 975 Quo
812 896 974 982 tempore
996 881 1225 981 imperatoris
1244 897 1279 954 et

213 1001 351 1096 augusti
375 1023 508 1071 nomen
525 998 683 1095 accepit,
707 997 806 1097 quod
822 998 941 1097 primo
960 998 997 1069 in
1015 1010 1159 1070 tantum
1175 1022 1280 1070 aver·

215 1128 309 1184 satus
329 1129 401 1200 est,
422 1128 464 1184 ut
480 1113 686 1202 affirmaret,
707 1141 743 1186 se
760 1140 803 1187 eo
819 1113 901 1204 die,
918 1113 1080 1213 quamvis
1096 1112 1277 1211 praecipua

214 1229 385 1302 festivitas
404 1246 512 1318 esset,
535 1231 717 1304 ecclesiam
739 1257 814 1305 non
840 1231 1081 1320 intraturum,
1101 1230 1130 1301 si
1155 1229 1278 1328 ponti-

215 1343 291 1417 licis
319 1345 509 1419 consilium
536 1348 703 1444 praescire
733 1347 918 1445 potuisset.
951 1343 1127 1418 Invidiam
1162 1360 1277 1418 tamen

215 1465 365 1563 suscepti
392 1465 572 1551 nominis,
600 1465 757 1538 romanis
776 1465 832 1561 (1)
869 1460 1147 1563 imperatoribus
1173 1489 1276 1560 super

214 1576 283 1652 hoc
311 1576 601 1677 indignantibus,
632 1606 759 1680 magna
788 1579 871 1651 tulit
895 1579 1094 1678 patientia,
1122 1578 1277 1677 vicitque

216 1721 341 1769 eorum
370 1699 630 1770 contumaciam
654 1698 967 1797 magnanimitate,
991 1722 1061 1798 qua
1082 1697 1132 1769 eis
1153 1695 1276 1794 procul

216 1809 327 1883 dubio
338 1811 445 1911 longe
458 1815 688 1910 praestantior
703 1831 798 1903 erat,
813 1811 992 1887 mittendo
1008 1811 1052 1884 ad
1065 1837 1125 1886 eos
1138 1810 1277 1885 crebras

216 1926 423 2026 legationes,
439 1945 474 2002 et
492 1930 528 2000 in
546 1931 705 2030 epistolis
722 1931 849 2004 fratres
866 1955 927 2005 eos
943 1928 1172 2029 appellando.

264 2163 409 2236 XXIX.
435 2170 517 2238 Post
530 2182 731 2265 susceptum
750 2168 932 2266 imperiale
947 2193 1101 2258 nomen,
1117 2194 1201 2241 curn
1218 2168 1277 2240 ad-

219 2292 373 2351 verteret
385 2280 497 2350 multa
513 2279 650 2378 legibus
663 2283 787 2380 populi
801 2285 853 2354 sui
868 2283 1043 2357 deesse-
1054 2309 1139 2355 nam
1150 2283 1276 2356 Frareci

216 2393 301 2467 duas
318 2394 453 2469 habent
471 2397 576 2496 leges,
596 2399 632 2468 in
655 2398 819 2496 plurimis
836 2401 924 2473 locis
939 2399 1039 2472 valde
1058 2403 1111 2497 (a)
1126 2398 1277 2474 diversas

215 2552 265 2570 -
278 2514 448 2611 cogitavit
460 2540 543 2613 quae
556 2515 704 2588 deerant
715 2516 842 2591 addere
859 2534 895 2590 et
911 2517 1146 2616 discrepantia
1160 2517 1274 2601 unire,

215 2654 321 2725 prava
345 2655 490 2729 quoquc
516 2658 556 2703 ac
580 2658 766 2731 perperam
784 2635 922 2732 prolata
940 2636 1139 2735 corrigere;
1159 2634 1221 2707 sed
1235 2632 1276 2707 de

214 2742 268 2814 his
284 2745 375 2816 nihil
391 2745 487 2817 aliud
503 2746 547 2817 ab
566 2774 608 2820 eo
625 2750 758 2821 factum
775 2767 844 2837 est,
860 2753 926 2824 nisi
944 2751 1043 2851 quod
1059 2777 1170 2850 pauca
1186 2751 1277 2851 capi·

215 2858 303 2946 tuln,
317 2877 353 2930 et
367 2888 404 2932 ea
420 2862 641 2958 imperfecta,
658 2864 795 2962 legibus
809 2866 956 2939 addidit.
971 2867 1145 2940 Omnium
1160 2882 1274 2939 tamen

216 2975 405 3047 nationum
419 3002 501 3075 quae
518 2977 584 3050 sub
601 2982 674 3076 ejus
690 2980 879 3055 dominatu
892 2985 947 3080 (3)
969 2999 1090 3075 erant,
1102 2987 1185 3084 jura
1197 3009 1275 3084 quoe

213 3091 345 3189 scripta
360 3118 434 3164 non
450 3110 570 3181 erant,
585 3094 786 3172 describere
800 3126 841 3172 ac
856 3101 985 3175 litteris
1000 3101 1163 3175 mandari
1177 3100 1272 3177 fecit.

214 3207 305 3281 ltem
320 3205 469 3281 barbara
484 3212 538 3308 (d)
556 3227 592 3283 et
608 3217 853 3313 antiquissima
870 3219 1049 3306 carmina,
1069 3215 1204 3318 quibus
1222 3243 1276 3291 ve·

213 3339 330 3396 terum
347 3351 471 3425 regum
490 3343 588 3400 actus
606 3346 642 3402 et
661 3329 751 3404 bella
770 3332 1004 3423 canebantur,
1029 3336 1174 3432 scripsit
1198 3359 1275 3409 me

212 3443 408 3543 moriaeque
425 3444 619 3517 mandavit.
640 3447 826 3524 inchoavit
837 3468 874 3525 et
887 3458 1153 3551 grammaticam
1170 3452 1273 3552 patrii

214 3559 400 3630 sermonis.
417 3559 600 3633 Mensibus
614 3564 721 3635 etiam
730 3568 831 3663 juxta
846 3568 1032 3666 propriam
1044 3567 1206 3666 linguam
1218 3592 1274 3639 vo·

214 3671 336 3745 cabula
357 3676 544 3774 imposuit,
566 3696 746 3754 comante
767 3683 801 3754 id
819 3685 993 3782 temporis
1008 3683 1102 3782 apud
1119 3684 1273 3759 Francos

245 3901 284 3968 (ι)
303 3899 550 3955 Nuena1·.comes:
570 3906 893 3976 Constnntivmpolitanis.

244 3988 283 4055 (a)
304 3986 395 4040 Valde
407 3987 482 4042 abest
497 3990 524 4042 in
539 3991 620 4044 codd.
639 3994 798 4049 vindobon.
814 4007 889 4068 poet
903 3996 1053 4056 Florentio.

244 4074 282 4144 (5)
303 4077 528 4132 Monumentum
547 4105 551 4132 :
568 4081 680 4136 ditione.

245 4168 282 4235 ld)
303 4187 320 4220 t.
336 4188 358 4220 e.
379 4171 553 4226 llerutmu'cn.
567 4172 685 4226 (terne
