3000 5272
210 401 269 461 222
644 396 829 457 kanutus.

209 553 330 601 suram
346 525 495 598 fluvium
512 551 530 598 a
548 525 747 599 Saxouibus
766 552 838 601 esse
854 527 1067 624 interceptas
1082 540 1192 627 atque
1204 527 1260 601 dei

209 645 308 719 letas.
324 643 433 742 Cujus
449 643 500 714 rei
520 643 651 715 nuntio
665 655 832 741 accepto,
846 643 1131 743 magnitudinem
1149 642 1261 717 damni

210 760 449 847 dissimulans,
465 759 533 832 iter
545 760 582 830 in
601 761 822 832 Pannoniam
839 759 1032 834 intermisit
1044 764 1114 855 (r).
1126 761 1263 835 Etcum

209 878 241 951 ei
264 901 469 975 persuasum
487 891 576 948 esset
592 900 611 946 a
628 873 858 975 quibusdam,
878 878 940 977 qui
965 876 1000 951 id
1022 875 1091 949 sibi
1108 902 1264 977 comper·

209 1009 288 1066 tum
304 1017 376 1066 esse
391 991 576 1078 dicebant,
595 990 693 1092 quod
715 994 743 1063 si
771 993 865 1064 inter
892 991 1102 1065 Radantiam
1123 1009 1161 1067 et
1181 992 1265 1068 Alo-

211 1135 358 1183 monam
372 1110 426 1206 (a)
441 1107 568 1180 lluvios
578 1108 749 1205 ejusmodi
763 1108 855 1181 fossa
867 1109 1076 1196 duceretur,
1090 1137 1174 1210 quae
1184 1126 1266 1185 esset

212 1227 357 1299 navium
384 1250 509 1322 capax,
530 1250 632 1322 posse
658 1223 911 1322 percommode
926 1225 1019 1322 (θα
1043 1224 1213 1301 Danubio
1232 1227 1266 1299 iu

212 1343 373 1414 Hrenum
400 1339 577 1438 navigari,
605 1340 688 1437 quia
713 1338 844 1412 horum
869 1339 1064 1413 lluviorum
1090 1341 1266 1415 alterlla·

212 1454 346 1544 nubio,
371 1454 461 1526 alter
487 1455 615 1526 Moeno
637 1454 826 1539 miscetur,
851 1453 1040 1527 confestim
1062 1479 1148 1527 cum
1171 1454 1265 1533 unni

212 1572 385 1644 comitatu
400 1593 465 1642 suo
480 1568 524 1640 ad
537 1568 657 1644 locum
674 1571 729 1666 (4)
748 1569 865 1657 venit,
885 1594 924 1640 ac
941 1596 1066 1669 magna
1081 1571 1267 1645 hominm

212 1687 444 1759 multitudine
457 1700 686 1785 congregata,
703 1700 820 1758 totum
836 1688 998 1758 autumni
1018 1703 1160 1787 tempus
1179 1688 1266 1763 inco

212 1830 321 1904 opere
339 1805 573 1902 consumpsit.
603 1805 717 1874 Ducta
739 1819 791 1876 est
809 1803 930 1903 itaque
954 1803 1044 1877 fossa
1064 1805 1161 1878 inter
1182 1830 1267 1904 prae·

212 1920 327 1995 dictos
343 1919 471 1992 fluvios
486 1919 598 1991 duum
608 1918 763 1992 millium
778 1945 944 2018 passuum
959 1920 1205 2020 longitudine,
1219 1921 1268 1995 la·

213 2038 369 2113 titudine
402 2051 646 2111 trecentorum
676 2035 826 2133 pedum;
849 2035 909 2110 sed
935 2037 973 2109 in
999 2063 1149 2111 cassum.
1182 2036 1267 2112 Nam

212 2169 363 2251 propter
374 2157 475 2252 juges
490 2152 626 2251 pluvias
648 2168 684 2225 et
706 2167 857 2239 terram,
875 2176 956 2250 quae
982 2151 1149 2253 palustris
1174 2169 1265 2240 erat,

212 2266 1266 2367 nimiohumorenaturaliterinfectam,opusquodfiebat(5)

213 2385 405 2457 consistere
429 2409 504 2456 uon
522 2383 661 2480 potuit;
687 2380 935 2482 sedquantum
951 2381 1109 2455 interdiu
1130 2399 1266 2457 temaea

213 2497 405 2572 fossoribus
434 2499 549 2571 fuerat
575 2512 751 2596 egestum,
778 2511 919 2567 tantum
948 2495 1138 2585 noctibus,
1162 2496 1268 2573 humo

214 2615 346 2687 iterum
364 2616 400 2685 in
420 2613 542 2685 locum
563 2639 666 2683 suum
686 2611 888 2698 relabente,
907 2609 1124 2685 subsidebat.
1146 2615 1189 2686 ln
1206 2612 1267 2688 boc

215 2757 322 2830 opere
339 2747 512 2830 occupato
526 2728 598 2802 duo
615 2729 715 2801 valde
733 2728 954 2827 displicentia
967 2728 1011 2802 de
1026 2727 1176 2804 diversis
1197 2748 1267 2805 ter-

215 2873 337 2919 rarum
356 2847 516 2945 partibus
534 2846 636 2917 allata
654 2862 754 2934 sunt;
770 2872 884 2919 unum
902 2861 979 2920 erat
994 2846 1183 2921 Saxonum
1193 2873 1267 2922 om·

213 2965 357 3039 nimoda
381 2963 553 3050 defectio,
583 2962 736 3035 alterum
762 2963 860 3063 quod
891 2964 1074 3037 Sarraceui
1101 2964 1267 3065 Septima·

215 3081 313 3152 niam
331 3079 497 3179 ingressi,
510 3077 708 3177 praelioque
722 3104 804 3150 cum
818 3078 912 3150 illius
928 3079 1050 3152 limitis
1066 3076 1266 3153 custodibus

214 3212 320 3297 atque
330 3194 521 3269 comitibus
533 3209 719 3282 conserto,
737 3193 858 3266 multis
873 3196 1097 3269 Francorum
1108 3195 1266 3271 intersec-

249 3463 288 3532 (ι)
306 3460 427 3515 Nuenar.
443 3477 514 3514 corn.
527 3469 556 3513 et
568 3458 604 3512 D.
616 3457 703 3531 Bouq.
713 3459 868 3512 intermisit.
880 3457 1051 3513 Persuasum
1063 3466 1131 3513 tuac
1141 3461 1205 3532 regi
1212 3463 1265 3513 ml

216 3553 241 3604 si
252 3552 369 3603 intem...

250 3640 288 3709 (a)
305 3636 349 3693 Al.
372 3634 535 3690 Adnntr'um.
548 3665 584 3676 -
599 3632 653 3690 All.
675 3636 855 3701 Alamonam,
877 3633 1051 3700 Alimonam,
1073 3632 1262 3697 Aeuom.

215 3729 374 3784 Almonum.

250 3816 288 3889 (5)
307 3818 341 3871 D.
356 3818 441 3889 ltcuq.
456 3833 520 3869 curn
532 3815 556 3869 N
560 3832 652 3868 uenar.
668 3814 769 3869 comite
780 3812 877 3886 :fossa
889 3815 1001 3867 nuvium
1011 3831 1105 3884 capax
1116 3811 1262 3876 dmm,

214 3928 295 3980 posse
306 3904 453 3962 commode.

250 3999 291 4068 (l)
308 3995 395 4049 Iidem
410 4019 414 4045 :
432 4013 482 4048 suo
495 4012 525 4047 eo
540 3996 626 4047 veuit.

250 4083 288 4154 (5)
306 4084 340 4138 D.
356 4080 441 4155 bouq.
452 4099 514 4135 curu
528 4081 649 4135 Noenar.
661 4076 776 4130 comite:
787 4075 898 4131 humore
910 4084 1008 4148 suopte
1019 4076 1261 4141 nutumimbutm,

215 4181 333 4241 emplum
345 4190 423 4242 opus.
