3000 5272
213 375 274 435 sto
603 372 887 433 HLUDOWICUS.

211 521 248 580 et
263 503 456 579 Harioldus
472 530 491 576 a
508 503 591 577 liliis
609 503 801 578 Godofridi
821 506 860 578 in
877 506 1089 580 societatem
1106 512 1214 609 mgni
1232 534 1282 583 re-

211 638 354 722 ceptus,
372 647 529 723 quaeres
547 621 785 721 tranquillum
803 622 899 696 inter
916 646 977 696 eos
994 619 1103 722 hujus
1118 626 1284 723 temporis

211 754 344 812 statum
354 739 476 814 fecisse
497 754 659 837 putatur.
683 737 753 812 Sed
769 739 853 840 quia
871 737 1072 838 Geadragus
1088 737 1285 815 Abodrito·

210 883 295 930 rum
304 859 485 958 princeps,
497 855 658 956 perfidiae
673 872 710 929 et
720 856 995 956 cujusdamcum
1004 856 1090 929 filiis
1099 856 1286 933 Godolridi

209 974 315 1049 factae
332 975 511 1048 societatis
527 973 738 1063 notabatur,
757 974 947 1063 Sclaomir,
965 974 1173 1049 aemulus
1139 1001 1238 1075 ejus,
1253 978 1286 1049 in

211 1092 366 1190 patriam
388 1090 603 1179 remittitur,
630 1091 693 1192 qui
719 1115 803 1162 cum
829 1091 868 1163 in
894 1089 1091 1163 Saxoniam
1113 1092 1285 1180 venisset,

212 1209 428 1310 aegritudine
448 1206 643 1300 decubuit,
664 1223 908 1309 perceptoque
923 1168 1156 1308 baptismatis
1178 1236 1288 1284 sacm-

213 1342 359 1416 mento,
379 1326 573 1400 defunctus
594 1343 661 1400 est.

262 1444 493 1516 Autumnalis
510 1444 602 1517 satio
622 1443 775 1544 jugitate
795 1444 1002 1542 pluviarum
1018 1447 1059 1518 in
1073 1444 1291 1546 quibusdam

213 1560 303 1634 locis
323 1559 493 1659 impedita
512 1575 587 1648 est,
610 1561 668 1632 cui
688 1559 803 1633 hiems
824 1561 863 1633 in
886 1577 1030 1635 tantum
1052 1562 1202 1662 prolixa
1220 1588 1291 1636 suc·

215 1677 320 1750 cessit
335 1693 372 1749 et
387 1702 529 1774 aspera,
548 1691 591 1747 ut
607 1701 684 1749 non
701 1675 820 1749 solum
836 1675 996 1752 minores
1010 1676 1081 1749 rivi
1099 1703 1146 1751 ac
1162 1677 1291 1753 medio·

215 1818 292 1867 cres
308 1791 432 1885 fluvii,
444 1819 572 1866 verum
591 1792 657 1891 ipsi
674 1792 822 1865 maximi
840 1819 881 1866 ac
900 1792 1136 1870 famosissimi
1153 1820 1289 1885 amnes,

215 1908 358 1981 llrenus
375 1907 544 1980 videlicet
562 1934 603 1979 ac
620 1906 828 2000 Danubius,
845 1905 1019 2010 Albisque
1038 1934 1083 1981 ac
1104 1908 1289 2013 Sequana,

216 2038 416 2124 caeteraque
444 2050 510 2123 per
535 2022 689 2097 Galliam
716 2040 824 2125 atquc
848 2023 1085 2099 Germaniam
1109 2026 1291 2102 Oceanum

215 2143 374 2242 petentia
396 2141 546 2214 flumina
569 2143 658 2216 adeo
683 2143 794 2216 solida
817 2142 929 2243 glacie
952 2143 1241 2244 stringerentur,
1254 2159 1291 2216 nt

216 2259 364 2333 tricenis
378 2259 434 2332 vel
450 2285 493 2332 eo
510 2259 663 2358 amplius
679 2258 806 2333 diebus
818 2258 975 2360 plaustra
990 2258 1063 2332 buc
1076 2275 1193 2363 atque
1211 2259 1290 2333 illuc

216 2378 453 2450 commeantia
473 2377 573 2451 velut
595 2375 770 2477 pontibus
787 2380 914 2477 juncta
932 2377 1184 2469 sustinerent,
1198 2379 1289 2476 cujus

215 2498 390 2572 resolutio
409 2524 485 2572 non
503 2498 688 2572 modicum
701 2498 796 2573 villis
808 2501 911 2599 juxta
926 2499 1039 2574 Hreni
1055 2498 1198 2575 fluenta
1213 2524 1291 2575 oon·

218 2615 353 2688 stitutis
368 2614 540 2689 damnum
560 2614 698 2689 intulit.

626 3370 873 3445 DCGCXXll.

267 3548 312 3621 ln
341 3547 489 3648 regione
514 3542 790 3646 Thuringorum
823 3543 981 3645 quodam
1011 3544 1052 3619 in
1080 3544 1168 3623 loco
1190 3548 1286 3647 juxta

217 3662 410 3766 quemdam
435 3661 609 3751 lluvium,
639 3665 750 3760 cespis
772 3658 1000 3761 longitudine
1024 3658 1162 3760 pedum
1181 3660 1288 3763 quiu-

217 3805 422 3880 quagenum
432 3833 444 3868 ,
465 3776 655 3851 latitudine
671 3773 983 3877 quatuordenum,
1005 3774 1201 3853 altitudine
1217 3802 1288 3851 sct-

217 3895 398 3996 quipedali
406 3949 417 3985 ,
437 3895 482 3968 de
498 3910 591 3967 terra
606 3894 682 3966 sine
696 3890 862 3965 manibus
876 3908 913 3966 et
928 3892 1100 3992 praecisus
1114 3908 1154 3968 et
1171 3890 1288 3967 subla-

219 4028 275 4084 tus
298 4029 372 4101 est,
397 4028 434 4086 et
454 4011 500 4083 ab
520 4037 563 4084 eo
590 4011 692 4099 loco,
718 4011 851 4111 inquo
875 4022 1039 4110 sumptus
1067 4025 1142 4109 cst,
1162 4009 1286 4112 viginti

216 4130 379 4232 quinque
401 4129 533 4232 pedum
557 4130 672 4229 spatio
691 4129 827 4203 distans
850 4129 1018 4205 inventus
1041 4144 1109 4207 est.
1134 4130 1229 4208 Item
1250 4128 1285 4201 in
