3000 5272
213 410 273 468 170
645 404 831 482 alnotus,

209 540 263 609 sui
281 550 497 610 conventum
518 535 555 606 in
569 559 612 608 eo
630 516 837 628 habiturus,
856 560 939 606 oum
958 536 1096 637 ingenti
1111 536 1266 610 examita

212 656 248 727 in
265 654 456 726 saxoniam
482 651 665 751 profectus
685 669 749 726 est.
774 653 830 727 Eo
851 678 933 726 oum
958 653 1129 742 venisset,
1153 668 1268 728 totum

210 771 356 872 perfidae
369 770 486 871 gentis
498 785 661 843 senatum
672 797 713 842 ao
723 769 911 869 populum,
927 794 1034 870 quem
1047 769 1091 842 ad
1103 771 1270 845 revenire

206 894 381 987 jusserat,
398 890 619 989 morigerum
640 914 680 960 ac
697 887 872 961 fallaciter
888 885 957 959 sibi
980 887 1154 961 devotum
1171 889 1271 962 inve-

210 1005 280 1077 nit.
299 1005 391 1077 Nam
408 1005 528 1075 cuncti
551 1004 596 1076 ad
620 1029 704 1078 eum
722 1019 901 1076 venerunt
918 1019 1051 1102 proeter
1065 1001 1272 1077 Widiolain-

210 1119 297 1191 dum
325 1121 405 1216 (ι),
437 1144 551 1191 unum
582 1145 625 1192 ex
648 1116 870 1218 primoribus
896 1117 1182 1208 westfalorum,
1211 1118 1270 1218 qai

211 1236 411 1310 multorum
435 1236 502 1310 sibi
523 1235 727 1311 facinorum
746 1237 929 1327 conscius,
954 1252 991 1310 et
1016 1234 1065 1309 oh
1092 1234 1131 1308 id
1156 1259 1273 1337 regom

212 1356 363 1443 veritus,
390 1354 435 1428 ad
460 1354 670 1456 sigifridum
692 1355 878 1428 Danorum
906 1379 1026 1455 regem
1048 1350 1270 1454 profugerat.

212 1473 340 1547 caeteri
353 1475 417 1573 qui
431 1489 623 1562 venerant,
643 1475 681 1545 in
699 1487 840 1545 tantum
857 1498 894 1544 se
905 1473 998 1570 regia
1009 1471 1182 1570 potestati
1198 1496 1273 1570 per·

213 1590 341 1662 misere
369 1589 443 1686 (2),
465 1605 508 1661 ut
533 1616 571 1663 ea
596 1587 804 1664 conditione
833 1604 922 1659 tunc
950 1587 1093 1660 reniam
1117 1586 1274 1691 aooipeae

212 1720 459 1794 mererentur,
478 1707 508 1778 si
525 1705 675 1779 ulterius
689 1733 750 1778 sua
762 1719 894 1777 statuta
904 1703 1100 1792 violarent,
1115 1704 1273 1803 etpatria

212 1837 249 1893 et
264 1819 430 1894 libertate
445 1823 687 1921 privarentur.
701 1822 881 1921 Baptizato
893 1838 1001 1894 estex
1013 1821 1132 1920 eis(3)
1145 1819 1273 1895 ibidem

213 1937 366 2011 maxima
383 1937 600 2026 multitudo,
619 1965 701 2039 quae
725 1964 780 2027 se,
796 1939 958 2036 quamvis
982 1937 1093 2026 falso,
1110 1935 1275 2010 christia·

212 2082 297 2127 nam
319 2056 397 2129 fieri
420 2057 511 2131 aelle
536 2059 762 2156 promiserat.
783 2056 895 2129 Venit
912 2057 950 2128 in
973 2057 1100 2131 eodem
1129 2054 1215 2131 looo
1238 2076 1275 2126 ao

214 2188 376 2270 tempore
396 2173 439 2243 ad
455 2174 548 2272 regis
564 2174 791 2272 praesentiam
810 2172 854 2246 de
876 2172 1045 2271 Hispania
1064 2172 1275 2245 Sarracenos

213 2287 360 2386 quidam
387 2289 535 2361 nomine
564 2287 777 2360 lbinalarabi
796 2289 850 2386 (4)
873 2314 956 2360 cum
982 2287 1060 2358 aliis
1076 2286 1275 2359 Sarraoenis

215 2405 319 2477 sociis
336 2406 425 2492 suis,
443 2403 576 2477 dedens
589 2431 625 2477 se
638 2431 678 2476 ac
691 2406 868 2493 civitates,
883 2402 1109 2504 quibuscum
1127 2428 1193 2476 rex
1206 2402 1275 2473 Sar

216 2544 429 2592 rutenorum
443 2518 665 2618 praesecerat.
680 2518 819 2593 Idcirco
833 2545 910 2607 rex,
924 2531 1070 2616 peracto
1079 2531 1275 2591 memorato

216 2653 418 2726 conventu,
441 2637 478 2708 in
501 2635 655 2708 Galliam
680 2662 859 2724 reversus,
885 2633 1039 2707 natalem
1066 2633 1216 2708 Domini
1243 2633 1274 2704 in

216 2751 387 2824 Dutciaco
405 2752 459 2848 (5)
474 2751 577 2841 villa,
591 2750 722 2823 Pascha
736 2777 823 2825 vero
837 2752 876 2822 in
888 2749 1080 2850 Aquitania
1093 2750 1193 2849 apud
1203 2749 1276 2822 Cas·

218 2868 403 2941 sinoillum
421 2869 475 2964 (6)
492 2866 719 2965 celebravit(
743 2870 770 2965 ).

602 3076 896 3151 occtxxvlu.

268 3239 372 3311 Tunc
395 3264 438 3311 ex
456 3240 683 3337 persuasione
707 3237 870 3337 praedicti
892 3239 1078 3312 sarraceni
1100 3262 1203 3337 spen
1224 3262 1276 3310 oa·

252 3475 292 3545 (ι)
309 3471 363 3528 All.
382 3472 603 3539 Wim'rha'ndum,
621 3472 841 3536 Winda'clu'ownr
855 3473 971 3528 Freher.
989 3483 1019 3527 et
1033 3472 1070 3528 D.
1087 3473 1178 3548 Bouq.
1196 3468 1277 3529 m

220 3561 346 3619 lindiam.

253 3654 293 3724 (a)
311 3651 345 3705 D.
359 3650 447 3724 Bouq.
463 3669 527 3705 cum
539 3651 655 3707 Freher.
669 3652 830 3707 submisere.

254 3737 296 3811 (⁴5)
314 3738 384 3796 Cod.
401 3738 564 3795 Vindoboo.
581 3759 648 3794 110:
663 3744 787 3796 cumeis.

256 3834 296 3903 (4)
313 3829 369 3886 All.
384 3830 585 3897 Ebinalarabi,
600 3832 803 3887 Abenalmbi.

255 3919 295 3992 (5)
313 3920 368 3977 All.
383 3921 529 3989 Ducem,
543 3922 672 3978 uuam
679 3950 686 3985 ,·
700 3923 735 3977 Ι).
746 3923 835 3994 Bouq.
847 3936 911 3974 cum
924 3918 1037 3974 amne.
1049 3916 1164 3973 Dutch.

256 4009 297 4079 (6)
315 4009 370 4065 All.
390 4007 608 4077 Cassinoildwn,
624 4011 837 4082 cassinogilum.

258 4101 297 4173 (7)
315 4100 369 4154 flac
383 4099 521 4154 Freherus
533 4098 611 4154 addit
625 4125 631 4152 z
647 4100 681 4155 In
695 4119 752 4172 qim
764 4099 836 4153 oilla
849 4106 987 4151 natusest
1001 4098 1029 4149 et*
1035 4094 1123 4169 filaus
1136 4114 1175 4151 ex
1189 4090 1278 4150 Fude-

224 4187 312 4257 gonie
327 4192 437 4262 regina,
456 4210 537 4263 quem
548 4209 585 4245 ex
598 4190 765 4263 sacrosante
779 4187 964 4242 Hludour‘cum
980 4188 1204 4242 nominaverunt.
1213 4184 1280 4255 Qut

224 4297 303 4335 voees
316 4298 407 4353 neque
421 4282 456 4335 D.
472 4283 558 4355 Bouq.
573 4300 663 4355 neque
674 4281 799 4336 Pertaius
808 4278 988 4334 admiserunt.
