3000 5272
213 439 272 496 29⁸2
651 430 842 492 alnotus,

210 565 334 638 fratris
350 568 423 663 ejus
438 565 475 636 in
494 588 645 662 regnum
663 563 849 651 successit,
869 588 910 634 ac
931 588 1055 662 pacem
1069 588 1158 637 cum
1175 564 1279 665 impe·

213 697 334 755 ratore
350 680 449 754 fecit.

651 1007 837 1081 ncccxt.

259 1167 437 1242 Absoluta
445 1183 552 1268 atque
563 1166 710 1241 dimisso
719 1167 858 1242 Arsafio
866 1168 1048 1269 spathario
1062 1212 1112 1229 —
1127 1170 1200 1245 hoc
1210 1185 1276 1245 erat

211 1310 346 1359 nomen
373 1284 491 1384 legato
516 1282 670 1358 Nicifori
695 1284 922 1383 imperatoris
937 1328 987 1344 -
1002 1286 1168 1385 ejusdem
1192 1286 1274 1387 pacis

212 1399 471 1477 confirmandae
487 1402 600 1501 gratia
618 1400 724 1501 legati
740 1399 1099 1503 Constantinopolim
1112 1402 1163 1477 al)
1175 1404 1273 1504 ἰωμ-

212 1533 332 1591 ratore
349 1518 402 1614 (1)
424 1516 637 1617 mittuntur,
660 1514 775 1590 Haido
796 1518 850 1617 (a)
876 1518 1066 1620 episcopus
1088 1518 1270 1604 nastensis,

211 1650 248 1707 et
264 1635 388 1734 Hugus
409 1634 463 1731 (ὅ)
488 1658 607 1706 comes
624 1632 849 1723 Turonicus,
872 1648 910 1707 et
931 1634 1005 1709 Aio
1026 1632 1273 1737 langobardus

210 1749 255 1823 de
270 1748 467 1847 Forojulii‚
486 1763 523 1822 et
541 1749 691 1821 cumeis
713 1750 788 1823 Leo
804 1747 951 1849 quidam
967 1749 1176 1850 spatharius
1185 1804 1199 1842 ‚
1216 1776 1273 1825 m·

213 1865 314 1939 tiarae
326 1863 481 1957 Siculus,
493 1878 529 1935 et
542 1862 731 1952 Willerus,
745 1862 819 1936 dux
830 1865 1094 1941 Venetieorum
1102 1896 1116 1958 3
1130 1892 1273 1971 quornm

212 1982 304 2054 alter
319 1994 403 2052 ante
420 2004 536 2052 annos
552 1977 676 2052 decem
691 1980 816 2053 Romae
832 1979 878 2053 ad
899 1982 1183 2082 imperatorem,
1205 2008 1273 2056 ean
1318 2072 1320 2087 Ι

213 2095 264 2169 ibi
282 2110 389 2184 esset,
406 2094 450 2168 de
463 2095 580 2166 Sicilia
595 2094 778 2195 profugit,
792 2110 830 2168 et
841 2096 959 2171 redire
971 2096 1122 2188 volens,
1137 2098 1274 2201 patriam
1318 2098 1320 2161 ἶ

211 2212 412 2287 remittitur
422 2238 434 2299 ;
452 2210 543 2283 alter
559 2226 711 2310 propter
729 2210 917 2311 perfidiam
935 2212 1080 2288 honore
1094 2214 1273 2315 spoliatus,
1318 2222 1320 2281 i

210 2327 568 2426 Constantinopolim
590 2327 634 2399 ad
661 2325 852 2402 dominum
878 2356 984 2403 suum
1009 2330 1096 2404 duci
1124 2330 1273 2431 jubetur
1318 2346 1320 2425 ξ

212 2442 387 2520 Condicta
402 2445 499 2516 inter
512 2444 767 2541 imperatorem
777 2458 814 2518 et
827 2447 1088 2548 llemmingum
1100 2446 1277 2523 Damnum
1318 2496 1320 2511 ·

212 2587 335 2663 regem
348 2586 418 2659 pax
431 2574 584 2660 propter
601 2558 728 2633 hiemis
740 2562 988 2661 asperitatem,
999 2588 1085 2664 quae
1100 2564 1276 2664 interpr

212 2696 267 2753 tes
278 2677 503 2752 commeandi
513 2678 607 2749 viam
621 2676 825 2768 claudebat,
842 2681 879 2752 in
893 2680 1002 2753 armis
1016 2682 1276 2783 tantumjmata

212 2810 389 2883 servatur,
400 2794 516 2868 donec
528 2795 702 2869 redeunte
716 2798 805 2869 veris
820 2796 1014 2896 temperie,
1025 2814 1065 2872 et
1074 2800 1212 2901 apertis
1220 2798 1275 2871 riis

212 2936 296 3013 quae
315 2910 538 2982 immanitate
555 2907 701 3009 frigoris
718 2911 846 2985 clausae
859 2910 1030 3001 fuerunt,
1046 2914 1277 3017 congredia-

213 3025 313 3098 tibus
332 3050 376 3097 ex
394 3038 545 3122 utraque
563 3038 665 3123 parte
683 3027 873 3127 utriusque
893 3026 1033 3127 gentis,
1062 3030 1277 3107 Faunorum

214 3142 351 3215 scilicet
385 3155 421 3212 et
457 3139 644 3212 Danorum
656 3193 669 3229 ,
703 3140 894 3218 duodecim
923 3142 1155 3243 primoribus
1184 3168 1276 3245 super

216 3259 368 3330 fluvium
381 3255 604 3355 AEgidoram,
620 3256 658 3328 in
671 3257 753 3333 loco
769 3261 833 3358 qui
847 3276 999 3335 vocatur
1014 3262 1075 3363 (4)
1086 3264 1184 3353 Μ,
1201 3260 1275 3337 datis

253 3578 293 3649 (ι)
310 3575 353 3629 Ita
369 3574 466 3646 legunt
478 3571 560 3626 cedd.
574 3573 744 3643 Hannover„
759 3575 943 3633 Vindobona.
960 3594 1010 3633 uo
1021 3588 1137 3654 “99⁰2
1150 3590 1181 3637 et
1191 3578 1272 3651 tngn.

219 3665 352 3737 Amlterg.
361 3663 404 3716 lta
413 3672 442 3715 et
451 3661 577 3717 Peruius
589 3680 653 3717 cum
662 3663 776 3719 Freher.
785 3676 815 3721 et
825 3667 860 3721 D.
874 3667 962 3742 Bouq.
973 3696 1008 3709 -
1019 3666 1116 3725 codd.
1127 3668 1272 3729 vimtobm-
1316 3696 1320 3706 =

218 3756 287 3824 654,
302 3754 372 3827 Reg.
385 3753 449 3807 Par.
461 3750 546 3823 5924,
559 3752 667 3807 Trevir.
681 3764 710 3809 et
721 3755 812 3809 Nuen.
827 3774 899 3812 com.
912 3756 955 3813 ad
962 3760 1174 3832 Imperatorem.

255 3850 294 3920 (a)
311 3843 356 3901 Al.
369 3841 509 3897 Haila-
520 3842 690 3912 Basilensis,
705 3844 868 3913 Bassensis,
881 3844 1060 3903 Basilieasis.

255 3936 294 4010 (5)
312 3934 367 3991 All.
382 3933 460 4002 Ilua,
475 3931 567 4004 Ilugo.

256 4031 296 4094 (4)
316 4021 430 4078 Freher.
443 4037 509 4073 cum
525 4020 586 4074 cod.
602 4021 671 4094 Reg.
687 4021 750 4077 Par.
763 4022 833 4097 5924
848 4049 853 4077 ε
870 4029 900 4079 in
911 4027 930 4080 1.
945 4045 973 4097 q.
991 4034 1116 4083 vocatur
1123 4026 1273 4083 darem·

222 4121 284 4172 sim.
298 4116 330 4169 In
343 4112 439 4186 quinq.
454 4110 537 4165 codd.
549 4111 651 4181 legitur
663 4110 744 4177 dutus,
757 4114 831 4169 nulla
841 4114 938 4170 lacuna
947 4116 1056 4175 relicta.
1065 4118 1192 4175 Nuenar.
1201 4130 1274 4173 w
1313 4166 1320 4191 ,

222 4206 327 4260 omittit
341 4207 368 4256 iu
382 4202 440 4257 loco
450 4204 500 4273 quai
509 4209 634 4255 vocatur.
