3000 5272
210 451 251 514 40
463 451 557 512 vim
580 453 726 513 ninom
750 451 1025 516 incensionis.

211 583 375 672 excedat,
399 611 482 656 cum
504 585 542 656 in
564 585 687 656 multis
705 585 793 658 locis
817 586 1040 659 contractior
1062 584 1282 657 inveniatur,

210 704 316 775 Hunc
329 702 456 777 multae
469 702 734 775 circumsedent
749 703 928 790 nationes,
945 703 1036 775 Dani
1054 700 1232 802 siquidem
1245 728 1285 772 ac

211 822 369 894 Sueones
391 820 457 916 (1),
480 846 571 919 quos
598 820 845 892 Nortmannos
862 821 916 916 (2)
939 804 1126 906 vocamus,
1152 834 1189 891 et
1204 845 1286 917 sep·

212 937 429 1012 tentrionale
453 937 555 1008 littus
581 953 619 1009 et
639 964 766 1010 omnes
791 939 828 1008 in
854 963 897 1010 eo
920 938 1051 1010 insulas
1077 953 1218 1010 tenent.
1240 937 1287 1007 At

211 1056 314 1128 littus
326 1054 479 1127 australe
497 1055 612 1128 Sclavi
632 1070 668 1128 et
684 1055 775 1128 Aisti
792 1058 856 1153 (5),
874 1072 910 1129 et
921 1056 1000 1128 aliae
1016 1056 1166 1129 diversae
1183 1056 1288 1128 inco-

212 1173 295 1245 lunt
318 1173 497 1260 nationes3
521 1173 617 1245 inter
640 1198 731 1272 quos
750 1173 807 1245 vel
827 1174 1000 1272 praecipui
1026 1187 1129 1260 sunt,
1156 1170 1289 1272 quibus

214 1304 428 1389 tuncarege
438 1287 574 1361 bellum
594 1287 1021 1377 inserebatur,Welatabi
1035 1289 1102 1387 (Δ).
1119 1287 1220 1380 Quos
1231 1286 1290 1360 ille

214 1430 286 1476 una
303 1419 469 1490 tantum,
490 1420 527 1477 et
543 1430 651 1503 quam
666 1430 732 1502 per
748 1431 784 1477 se
801 1419 973 1504 gesserat,
992 1403 1225 1503 expeditione
1242 1403 1288 1473 ita

216 1519 383 1592 contudit
404 1521 459 1617 (5)
479 1546 520 1590 ac
542 1517 685 1594 domuit
697 1573 708 1608 ,
736 1535 779 1590 ut
800 1519 950 1592 ulterius
974 1519 1147 1617 imperata
1174 1516 1292 1590 facere

216 1636 368 1709 minime
384 1634 612 1709 renuendum
627 1634 844 1734 judicarent.

267 1845 370 1918 Xlll.
399 1846 595 1918 Maximum
621 1847 788 1919 omnium
816 1871 900 1945 quae
923 1843 968 1916 ab
995 1844 1060 1917 illo
1086 1859 1185 1944 gesta
1210 1858 1295 1915 sunt

219 1960 420 2050 bellorum,
446 1978 580 2061 praeter
606 1963 844 2053 Saxonicum,
873 1960 957 2033 huie
980 1959 1078 2034 bello
1106 1961 1292 2056 successit,

220 2077 312 2150 illud
325 2077 510 2166 videlicet,
525 2078 625 2178 quod
641 2094 769 2150 contra
788 2080 919 2150 Avares
933 2079 988 2176 (6)
1000 2077 1058 2150 vel
1079 2083 1207 2149 Hunos
1217 2102 1297 2148 sus-

222 2210 368 2292 ceptum
393 2209 458 2267 est.
486 2193 594 2287 Quod
613 2193 673 2267 ille
694 2209 730 2267 et
747 2194 943 2266 animosius
960 2220 1070 2294 quam
1093 2207 1244 2280 caetera,
1262 2206 1297 2264 et

222 2311 330 2412 longe
344 2315 470 2412 majori
485 2329 657 2413 apparatu
673 2313 949 2385 administravit.
965 2313 1084 2385 Unam
1096 2327 1218 2385 tamen
1234 2337 1298 2410 per

223 2453 259 2500 se
273 2429 312 2500 in
324 2429 549 2502 Pannoniam
563 2472 613 2486 -
625 2455 709 2502 nam
724 2429 817 2501 hanc
828 2430 1054 2527 provinciam
1066 2454 1107 2500 ea
1118 2454 1206 2528 gens
1220 2443 1298 2498 tum

224 2542 462 2616 incolebat-
472 2546 740 2644 expeditionem
756 2544 862 2633 fecit3
883 2560 1028 2618 caeteras
1046 2543 1123 2617 filio
1139 2569 1206 2616 suo
1217 2544 1299 2641 Pip-

223 2661 314 2758 pino
329 2687 370 2731 ac
388 2661 567 2760 praefectis
592 2663 885 2762 provinciarum,
907 2661 1100 2736 comitibus
1118 2663 1226 2735 etiam
1242 2675 1300 2731 at-

225 2803 297 2877 que
321 2778 463 2877 legatis,
489 2780 722 2879 perficiendas
741 2781 934 2853 commisit.
960 2778 1067 2872 Quod
1081 2806 1165 2851 cum
1181 2778 1227 2851 ab
1247 2779 1300 2851 his

228 2897 472 2969 strenuissime
483 2897 609 2970 fuisset
621 2897 932 2986 administratum,
948 2914 1077 2973 octavo
1088 2899 1142 2995 (7)
1157 2896 1300 2970 tandem

232 3186 428 3257 «Bredowius,
438 3208 501 3263 pag.
518 3208 576 3265 170,
590 3190 628 3244 ita
636 3200 664 3244 et
672 3190 796 3245 codicem
805 3190 987 3246 Bodleianum
994 3189 1087 3264 legere
1097 3191 1303 3256 animadvertit,

231 3279 308 3352 quod
320 3279 395 3334 unde
408 3280 539 3335 habuerit
548 3280 619 3335 mihi
632 3299 689 3335 non
699 3280 803 3354 liquet,
817 3300 906 3355 quum
917 3280 1114 3349 schminkius,
1128 3300 1157 3354 p.
1168 3278 1215 3349 63,
1227 3299 1260 3336 ee
1271 3280 1306 3334 de

232 3386 262 3423 re
274 3369 346 3422 nihil
357 3369 441 3423 dicat.
454 3392 468 3419 u
481 3371 607 3441 (Pertz.)

269 3462 309 3530 (ι)
327 3459 383 3514 ΑΗ.
400 3461 552 3528 Suesones,
568 3462 735 3529 Suessones,
751 3461 869 3516 Suaues.

267 3551 307 3618 (a)
325 3547 381 3603 All.
408 3548 622 3617 Nordmannos,
643 3550 876 3616 Nordemannos,
898 3548 1094 3615 Normannos,
1119 3547 1308 3616 Nortmanos,

234 3636 409 3707 Normanos,
425 3640 627 3695 Normiannos.

270 3725 309 3800 (3)
327 3728 382 3783 All.
397 3729 506 3796 Ilaistt',
523 3731 627 3797 Aistrr',
644 3731 747 3800 Agisut

269 3821 308 3890 (l)
326 3819 380 3876 All.
398 3820 581 3887 Uuelathabi,
601 3820 779 3885 Παεὶαεὶαὸὶ,
794 3818 856 3873 vide
869 3836 961 3890 supra.

270 3908 310 3982 (5)
327 3911 397 3965 Cod.
408 3911 515 3966 Christ.
528 3910 628 3984 Regin.
640 3909 692 3983 692
708 3935 712 3963 :
728 3910 864 3981 perculit,·
880 3907 943 3962 cod.
954 3907 1080 3963 Gothan.
1096 3909 1234 3961 contrivit.

270 4000 308 4071 (6)
327 4001 382 4056 llll.
397 4004 520 4066 Avares,
536 4002 659 4056 Abatos.

271 4095 311 4166 (7)
329 4093 421 4148 Codd.
435 4093 597 4150 l'indobon.
614 4091 681 4159 3383
699 4091 805 4146 Christ.
820 4089 921 4161 Regin.
938 4087 1004 4161 6925
1021 4085 1184 4143 Vindobou.
1198 4082 1270 4152 654,
1285 4095 1316 4139 et

239 4183 397 4256 llarquard.
414 4186 551 4239 Freherus
568 4209 572 4236 :
591 4201 660 4235 vnn.
674 4213 710 4223 -
723 4179 793 4235 Cod.
810 4179 973 4237 Vindobon.
991 4176 1057 4232 1068
1073 4200 1078 4230 :
1093 4194 1179 4231 nouo.
