<?xml version="1.0" encoding="UTF-8"?>
<!DOCTYPE html PUBLIC "-//W3C//DTD XHTML 1.0 Transitional//EN"
    "http://www.w3.org/TR/xhtml1/DTD/xhtml1-transitional.dtd">
<html xmlns="http://www.w3.org/1999/xhtml" xml:lang="en" lang="en">
 <head>
  <title>
</title>
<meta http-equiv="Content-Type" content="text/html;charset=utf-8" />
  <meta name='ocr-system' content='tesseract 3.04.00' />
  <meta name='ocr-capabilities' content='ocr_page ocr_carea ocr_par ocr_line ocrx_word'/>
</head>
<body>
  <div class='ocr_page' id='page_1' title='image "./einhardiomniaqu01einhgoog_0112.png"; bbox 0 0 3000 5272; ppageno 0'>
   <div class='ocr_carea' id='block_1_1' title="bbox 214 429 1021 495">
    <p class='ocr_par' dir='ltr' id='par_1_1' title="bbox 214 429 1021 495">
     <span class='ocr_line' id='line_1_1' title="bbox 214 429 1021 495; baseline -0.004 0"><span class='ocrx_word' id='word_1_1' title='bbox 214 440 273 495; x_wconf 78' lang='lat'><strong>100</strong></span> <span class='ocrx_word' id='word_1_2' title='bbox 463 431 557 490; x_wconf 79' lang='lat' dir='ltr'>VITA</span> <span class='ocrx_word' id='word_1_3' title='bbox 579 430 725 490; x_wconf 77' lang='lat' dir='ltr'><strong>llllllOLl</strong></span> <span class='ocrx_word' id='word_1_4' title='bbox 748 429 1021 492; x_wconf 75' lang='lat' dir='ltr'><strong>IMPERATORIS.</strong></span> 
     </span>
    </p>
   </div>
   <div class='ocr_carea' id='block_1_2' title="bbox 210 561 1275 2520">
    <p class='ocr_par' dir='ltr' id='par_1_2' title="bbox 210 561 1275 2520">
     <span class='ocr_line' id='line_1_2' title="bbox 212 561 1271 662; baseline -0.001 -24"><span class='ocrx_word' id='word_1_5' title='bbox 212 563 337 638; x_wconf 86' lang='lat' dir='ltr'><strong>creber</strong></span> <span class='ocrx_word' id='word_1_6' title='bbox 363 562 538 662; x_wconf 84' lang='lat' dir='ltr'><strong>Aquensis</strong></span> <span class='ocrx_word' id='word_1_7' title='bbox 565 561 684 660; x_wconf 88' lang='lat' dir='ltr'><strong>palatii</strong></span> <span class='ocrx_word' id='word_1_8' title='bbox 712 576 868 647; x_wconf 86' lang='lat' dir='ltr'><strong>tremor,</strong></span> <span class='ocrx_word' id='word_1_9' title='bbox 895 577 932 633; x_wconf 93' lang='lat' dir='ltr'><strong>et</strong></span> <span class='ocrx_word' id='word_1_10' title='bbox 957 562 995 634; x_wconf 92' lang='lat' dir='ltr'><strong>in</strong></span> <span class='ocrx_word' id='word_1_11' title='bbox 1020 561 1190 636; x_wconf 86' lang='lat' dir='ltr'><strong>domibus</strong></span> <span class='ocrx_word' id='word_1_12' title='bbox 1213 564 1271 637; x_wconf 88' lang='lat' dir='ltr'><strong>ubi</strong></span> 
     </span>
     <span class='ocr_line' id='line_1_3' title="bbox 211 674 1271 776; baseline -0.001 -24"><span class='ocrx_word' id='word_1_13' title='bbox 211 676 490 754; x_wconf 77' lang='lat' dir='ltr'><strong>conversabatur</strong></span> <span class='ocrx_word' id='word_1_14' title='bbox 514 675 672 747; x_wconf 84' lang='lat' dir='ltr'><strong>assiduus</strong></span> <span class='ocrx_word' id='word_1_15' title='bbox 698 674 964 774; x_wconf 81' lang='lat' dir='ltr'><strong>laqueariorum</strong></span> <span class='ocrx_word' id='word_1_16' title='bbox 985 676 1161 776; x_wconf 77' lang='lat' dir='ltr'><strong>crepitus3</strong></span> <span class='ocrx_word' id='word_1_17' title='bbox 1185 693 1271 751; x_wconf 74' lang='lat' dir='ltr'><strong>taeta</strong></span> 
     </span>
     <span class='ocr_line' id='line_1_4' title="bbox 210 790 1271 891; baseline -0.003 -22"><span class='ocrx_word' id='word_1_18' title='bbox 210 796 318 869; x_wconf 89' lang='lat' dir='ltr'><strong>etiam</strong></span> <span class='ocrx_word' id='word_1_19' title='bbox 340 793 384 867; x_wconf 92' lang='lat' dir='ltr'><strong>de</strong></span> <span class='ocrx_word' id='word_1_20' title='bbox 400 791 516 879; x_wconf 91' lang='lat' dir='ltr'><strong>coelo,</strong></span> <span class='ocrx_word' id='word_1_21' title='bbox 538 791 573 862; x_wconf 94' lang='lat' dir='ltr'><strong>in</strong></span> <span class='ocrx_word' id='word_1_22' title='bbox 598 817 669 891; x_wconf 92' lang='lat' dir='ltr'><strong>qua</strong></span> <span class='ocrx_word' id='word_1_23' title='bbox 690 808 812 889; x_wconf 89' lang='lat' dir='ltr'><strong>postea</strong></span> <span class='ocrx_word' id='word_1_24' title='bbox 833 790 991 889; x_wconf 86' lang='lat' dir='ltr'><strong>sepultus</strong></span> <span class='ocrx_word' id='word_1_25' title='bbox 1016 806 1086 881; x_wconf 75' lang='lat' dir='ltr'><strong>est,</strong></span> <span class='ocrx_word' id='word_1_26' title='bbox 1110 791 1271 882; x_wconf 73' lang='lat' dir='ltr'><strong>basilien,</strong></span> 
     </span>
     <span class='ocr_line' id='line_1_5' title="bbox 210 908 1270 1010; baseline 0.002 -26"><span class='ocrx_word' id='word_1_27' title='bbox 210 911 418 1010; x_wconf 90' lang='lat' dir='ltr'><strong>malumque</strong></span> <span class='ocrx_word' id='word_1_28' title='bbox 434 935 604 996; x_wconf 89' lang='lat' dir='ltr'><strong>aureum,</strong></span> <span class='ocrx_word' id='word_1_29' title='bbox 625 934 699 1008; x_wconf 89' lang='lat' dir='ltr'><strong>quo</strong></span> <span class='ocrx_word' id='word_1_30' title='bbox 719 909 803 981; x_wconf 89' lang='lat' dir='ltr'><strong>tecti</strong></span> <span class='ocrx_word' id='word_1_31' title='bbox 822 908 966 981; x_wconf 90' lang='lat' dir='ltr'><strong>culmen</strong></span> <span class='ocrx_word' id='word_1_32' title='bbox 984 925 1062 983; x_wconf 88' lang='lat' dir='ltr'><strong>erat</strong></span> <span class='ocrx_word' id='word_1_33' title='bbox 1083 928 1270 1005; x_wconf 89' lang='lat' dir='ltr'><strong>ornatum,</strong></span> 
     </span>
     <span class='ocr_line' id='line_1_6' title="bbox 212 1022 1272 1126; baseline 0.001 -28"><span class='ocrx_word' id='word_1_34' title='bbox 212 1029 288 1100; x_wconf 91' lang='lat' dir='ltr'><strong>ictu</strong></span> <span class='ocrx_word' id='word_1_35' title='bbox 306 1025 470 1097; x_wconf 88' lang='lat' dir='ltr'><strong>fulminis</strong></span> <span class='ocrx_word' id='word_1_36' title='bbox 486 1022 694 1121; x_wconf 90' lang='lat' dir='ltr'><strong>dissipatum</strong></span> <span class='ocrx_word' id='word_1_37' title='bbox 719 1039 755 1096; x_wconf 94' lang='lat' dir='ltr'><strong>et</strong></span> <span class='ocrx_word' id='word_1_38' title='bbox 779 1050 884 1122; x_wconf 86' lang='lat' dir='ltr'><strong>supra</strong></span> <span class='ocrx_word' id='word_1_39' title='bbox 907 1023 1057 1098; x_wconf 89' lang='lat' dir='ltr'><strong>domum</strong></span> <span class='ocrx_word' id='word_1_40' title='bbox 1073 1025 1272 1126; x_wconf 84' lang='lat' dir='ltr'><strong>pontificis,</strong></span> 
     </span>
     <span class='ocr_line' id='line_1_7' title="bbox 211 1141 1272 1245; baseline 0.002 -29"><span class='ocrx_word' id='word_1_41' title='bbox 211 1171 294 1245; x_wconf 86' lang='lat' dir='ltr'><strong>quae</strong></span> <span class='ocrx_word' id='word_1_42' title='bbox 319 1141 474 1214; x_wconf 87' lang='lat' dir='ltr'><strong>basilicae</strong></span> <span class='ocrx_word' id='word_1_43' title='bbox 498 1142 665 1241; x_wconf 81' lang='lat' dir='ltr'><strong>contigua</strong></span> <span class='ocrx_word' id='word_1_44' title='bbox 691 1157 785 1231; x_wconf 91' lang='lat' dir='ltr'><strong>erat,</strong></span> <span class='ocrx_word' id='word_1_45' title='bbox 809 1144 1013 1240; x_wconf 87' lang='lat' dir='ltr'><strong>projectum</strong></span> <span class='ocrx_word' id='word_1_46' title='bbox 1034 1160 1101 1217; x_wconf 83' lang='lat' dir='ltr'><strong>est.</strong></span> <span class='ocrx_word' id='word_1_47' title='bbox 1128 1146 1219 1218; x_wconf 88' lang='lat' dir='ltr'><strong>Erat</strong></span> <span class='ocrx_word' id='word_1_48' title='bbox 1239 1145 1272 1217; x_wconf 93' lang='lat' dir='ltr'><strong>in</strong></span> 
     </span>
     <span class='ocr_line' id='line_1_8' title="bbox 211 1258 1273 1364; baseline 0.004 -32"><span class='ocrx_word' id='word_1_49' title='bbox 211 1259 333 1333; x_wconf 90' lang='lat' dir='ltr'><strong>eadem</strong></span> <span class='ocrx_word' id='word_1_50' title='bbox 353 1258 514 1346; x_wconf 88' lang='lat' dir='ltr'><strong>basilica,</strong></span> <span class='ocrx_word' id='word_1_51' title='bbox 543 1260 580 1330; x_wconf 92' lang='lat' dir='ltr'><strong>in</strong></span> <span class='ocrx_word' id='word_1_52' title='bbox 597 1259 757 1359; x_wconf 82' lang='lat' dir='ltr'><strong>margine</strong></span> <span class='ocrx_word' id='word_1_53' title='bbox 774 1284 940 1348; x_wconf 87' lang='lat' dir='ltr'><strong>coronae,</strong></span> <span class='ocrx_word' id='word_1_54' title='bbox 958 1286 1041 1361; x_wconf 84' lang='lat' dir='ltr'><strong>quae</strong></span> <span class='ocrx_word' id='word_1_55' title='bbox 1057 1262 1156 1336; x_wconf 82' lang='lat' dir='ltr'><strong>inter</strong></span> <span class='ocrx_word' id='word_1_56' title='bbox 1172 1288 1273 1364; x_wconf 84' lang='lat' dir='ltr'><strong>supe-</strong></span> 
     </span>
     <span class='ocr_line' id='line_1_9' title="bbox 211 1375 1273 1480; baseline 0.005 -31"><span class='ocrx_word' id='word_1_57' title='bbox 211 1377 326 1451; x_wconf 88' lang='lat' dir='ltr'><strong>riores</strong></span> <span class='ocrx_word' id='word_1_58' title='bbox 342 1391 378 1449; x_wconf 90' lang='lat' dir='ltr'><strong>et</strong></span> <span class='ocrx_word' id='word_1_59' title='bbox 396 1375 584 1449; x_wconf 84' lang='lat' dir='ltr'><strong>inferiores</strong></span> <span class='ocrx_word' id='word_1_60' title='bbox 601 1400 702 1447; x_wconf 91' lang='lat' dir='ltr'><strong>arcus</strong></span> <span class='ocrx_word' id='word_1_61' title='bbox 720 1376 930 1450; x_wconf 90' lang='lat' dir='ltr'><strong>interiorem</strong></span> <span class='ocrx_word' id='word_1_62' title='bbox 951 1377 1006 1476; x_wconf 86' lang='lat'><strong>(1)</strong></span> <span class='ocrx_word' id='word_1_63' title='bbox 1026 1379 1113 1453; x_wconf 84' lang='lat' dir='ltr'><strong>aedis</strong></span> <span class='ocrx_word' id='word_1_64' title='bbox 1140 1396 1273 1480; x_wconf 84' lang='lat' dir='ltr'><strong>partem</strong></span> 
     </span>
     <span class='ocr_line' id='line_1_10' title="bbox 210 1489 1274 1593; baseline 0.005 -28"><span class='ocrx_word' id='word_1_65' title='bbox 210 1490 410 1580; x_wconf 87' lang='lat' dir='ltr'><strong>ambiebat,</strong></span> <span class='ocrx_word' id='word_1_66' title='bbox 434 1492 650 1591; x_wconf 80' lang='lat' dir='ltr'><strong>epigramma</strong></span> <span class='ocrx_word' id='word_1_67' title='bbox 674 1489 836 1589; x_wconf 89' lang='lat' dir='ltr'><strong>sinopide</strong></span> <span class='ocrx_word' id='word_1_68' title='bbox 856 1492 913 1590; x_wconf 87' lang='lat'><strong>(2)</strong></span> <span class='ocrx_word' id='word_1_69' title='bbox 940 1494 1136 1593; x_wconf 90' lang='lat' dir='ltr'><strong>scriptum,</strong></span> <span class='ocrx_word' id='word_1_70' title='bbox 1158 1496 1274 1570; x_wconf 90' lang='lat' dir='ltr'><strong>conti·</strong></span> 
     </span>
     <span class='ocr_line' id='line_1_11' title="bbox 212 1605 1274 1707; baseline 0.006 -27"><span class='ocrx_word' id='word_1_71' title='bbox 212 1634 302 1680; x_wconf 90' lang='lat' dir='ltr'><strong>nens</strong></span> <span class='ocrx_word' id='word_1_72' title='bbox 314 1607 394 1706; x_wconf 91' lang='lat' dir='ltr'><strong>quis</strong></span> <span class='ocrx_word' id='word_1_73' title='bbox 406 1623 533 1680; x_wconf 88' lang='lat' dir='ltr'><strong>auctor</strong></span> <span class='ocrx_word' id='word_1_74' title='bbox 549 1621 639 1678; x_wconf 90' lang='lat' dir='ltr'><strong>esset</strong></span> <span class='ocrx_word' id='word_1_75' title='bbox 655 1605 812 1704; x_wconf 88' lang='lat' dir='ltr'><strong>ejusdem</strong></span> <span class='ocrx_word' id='word_1_76' title='bbox 825 1607 971 1706; x_wconf 90' lang='lat' dir='ltr'><strong>templi,</strong></span> <span class='ocrx_word' id='word_1_77' title='bbox 989 1613 1089 1707; x_wconf 87' lang='lat' dir='ltr'><strong>cujus</strong></span> <span class='ocrx_word' id='word_1_78' title='bbox 1107 1610 1147 1683; x_wconf 94' lang='lat' dir='ltr'><strong>in</strong></span> <span class='ocrx_word' id='word_1_79' title='bbox 1163 1627 1274 1685; x_wconf 85' lang='lat' dir='ltr'><strong>extre-</strong></span> 
     </span>
     <span class='ocr_line' id='line_1_12' title="bbox 214 1724 1275 1823; baseline 0.004 -27"><span class='ocrx_word' id='word_1_80' title='bbox 214 1751 275 1799; x_wconf 91' lang='lat' dir='ltr'><strong>mo</strong></span> <span class='ocrx_word' id='word_1_81' title='bbox 294 1751 398 1796; x_wconf 89' lang='lat' dir='ltr'><strong>versu</strong></span> <span class='ocrx_word' id='word_1_82' title='bbox 416 1724 601 1823; x_wconf 82' lang='lat' dir='ltr'><strong>legebatur</strong></span> <span class='ocrx_word' id='word_1_83' title='bbox 625 1755 633 1795; x_wconf 90' lang='lat'>:</span> <span class='ocrx_word' id='word_1_84' title='bbox 660 1748 819 1797; x_wconf 72' lang='lat' dir='ltr'><strong>arnonus</strong></span> <span class='ocrx_word' id='word_1_85' title='bbox 837 1750 1016 1800; x_wconf 75' lang='lat' dir='ltr'><strong>rutncurs.</strong></span> <span class='ocrx_word' id='word_1_86' title='bbox 1040 1725 1217 1801; x_wconf 88' lang='lat' dir='ltr'><strong>Notatum</strong></span> <span class='ocrx_word' id='word_1_87' title='bbox 1228 1744 1275 1802; x_wconf 85' lang='lat' dir='ltr'><strong>est</strong></span> 
     </span>
     <span class='ocr_line' id='line_1_13' title="bbox 215 1840 1275 1944; baseline 0.006 -31"><span class='ocrx_word' id='word_1_88' title='bbox 215 1869 234 1913; x_wconf 89' lang='lat' dir='ltr'><strong>a</strong></span> <span class='ocrx_word' id='word_1_89' title='bbox 255 1840 489 1943; x_wconf 84' lang='lat' dir='ltr'><strong>quibusdam,</strong></span> <span class='ocrx_word' id='word_1_90' title='bbox 512 1840 637 1914; x_wconf 87' lang='lat' dir='ltr'><strong>eodem</strong></span> <span class='ocrx_word' id='word_1_91' title='bbox 657 1868 732 1941; x_wconf 95' lang='lat' dir='ltr'><strong>quo</strong></span> <span class='ocrx_word' id='word_1_92' title='bbox 751 1841 900 1915; x_wconf 87' lang='lat' dir='ltr'><strong>decessit</strong></span> <span class='ocrx_word' id='word_1_93' title='bbox 917 1869 1031 1933; x_wconf 88' lang='lat' dir='ltr'><strong>anno,</strong></span> <span class='ocrx_word' id='word_1_94' title='bbox 1052 1846 1176 1944; x_wconf 89' lang='lat' dir='ltr'><strong>paucis</strong></span> <span class='ocrx_word' id='word_1_95' title='bbox 1199 1861 1275 1920; x_wconf 87' lang='lat' dir='ltr'><strong>ante</strong></span> 
     </span>
     <span class='ocr_line' id='line_1_14' title="bbox 213 1957 1275 2061; baseline 0.003 -30"><span class='ocrx_word' id='word_1_96' title='bbox 213 1976 371 2034; x_wconf 88' lang='lat' dir='ltr'><strong>mortem</strong></span> <span class='ocrx_word' id='word_1_97' title='bbox 407 1957 618 2043; x_wconf 86' lang='lat' dir='ltr'><strong>mensibus,</strong></span> <span class='ocrx_word' id='word_1_98' title='bbox 647 1985 702 2031; x_wconf 86' lang='lat' dir='ltr'><strong>eas</strong></span> <span class='ocrx_word' id='word_1_99' title='bbox 724 1984 807 2059; x_wconf 85' lang='lat' dir='ltr'><strong>quae</strong></span> <span class='ocrx_word' id='word_1_100' title='bbox 836 1985 1005 2034; x_wconf 82' lang='lat' dir='ltr'><strong>rurucurs</strong></span> <span class='ocrx_word' id='word_1_101' title='bbox 1032 1962 1275 2061; x_wconf 80' lang='lat' dir='ltr'><strong>exprimebant</strong></span> 
     </span>
     <span class='ocr_line' id='line_1_15' title="bbox 215 2073 1275 2178; baseline 0.005 -32"><span class='ocrx_word' id='word_1_102' title='bbox 215 2074 373 2161; x_wconf 87' lang='lat' dir='ltr'><strong>litteras,</strong></span> <span class='ocrx_word' id='word_1_103' title='bbox 399 2073 448 2144; x_wconf 86' lang='lat' dir='ltr'><strong>ita</strong></span> <span class='ocrx_word' id='word_1_104' title='bbox 468 2098 540 2145; x_wconf 89' lang='lat' dir='ltr'><strong>esse</strong></span> <span class='ocrx_word' id='word_1_105' title='bbox 558 2073 690 2145; x_wconf 89' lang='lat' dir='ltr'><strong>deletas</strong></span> <span class='ocrx_word' id='word_1_106' title='bbox 715 2074 767 2171; x_wconf 70' lang='grc' dir='ltr'><strong>(ὅ)</strong></span> <span class='ocrx_word' id='word_1_107' title='bbox 796 2088 838 2145; x_wconf 93' lang='lat' dir='ltr'><strong>ut</strong></span> <span class='ocrx_word' id='word_1_108' title='bbox 861 2076 1005 2173; x_wconf 87' lang='lat' dir='ltr'><strong>penitus</strong></span> <span class='ocrx_word' id='word_1_109' title='bbox 1031 2101 1109 2150; x_wconf 92' lang='lat' dir='ltr'><strong>nou</strong></span> <span class='ocrx_word' id='word_1_110' title='bbox 1135 2103 1275 2178; x_wconf 84' lang='lat' dir='ltr'><strong>appere-</strong></span> 
     </span>
     <span class='ocr_line' id='line_1_16' title="bbox 215 2189 1275 2288; baseline 0.003 -26"><span class='ocrx_word' id='word_1_111' title='bbox 215 2206 312 2264; x_wconf 90' lang='lat' dir='ltr'><strong>rent.</strong></span> <span class='ocrx_word' id='word_1_112' title='bbox 342 2189 410 2263; x_wconf 89' lang='lat' dir='ltr'><strong>Sed</strong></span> <span class='ocrx_word' id='word_1_113' title='bbox 436 2189 618 2288; x_wconf 87' lang='lat' dir='ltr'><strong>superiora</strong></span> <span class='ocrx_word' id='word_1_114' title='bbox 648 2190 768 2262; x_wconf 88' lang='lat' dir='ltr'><strong>omnia</strong></span> <span class='ocrx_word' id='word_1_115' title='bbox 802 2191 852 2263; x_wconf 89' lang='lat' dir='ltr'><strong>sic</strong></span> <span class='ocrx_word' id='word_1_116' title='bbox 876 2206 938 2262; x_wconf 87' lang='lat' dir='ltr'><strong>aut</strong></span> <span class='ocrx_word' id='word_1_117' title='bbox 961 2190 1200 2266; x_wconf 81' lang='lat' dir='ltr'><strong>dissimulavit</strong></span> <span class='ocrx_word' id='word_1_118' title='bbox 1221 2208 1275 2267; x_wconf 81' lang='lat' dir='ltr'><strong>aut</strong></span> 
     </span>
     <span class='ocr_line' id='line_1_17' title="bbox 215 2301 1275 2409; baseline 0.008 -32"><span class='ocrx_word' id='word_1_119' title='bbox 215 2306 369 2404; x_wconf 83' lang='lat' dir='ltr'><strong>sprevit,</strong></span> <span class='ocrx_word' id='word_1_120' title='bbox 387 2331 428 2377; x_wconf 88' lang='lat' dir='ltr'><strong>ac</strong></span> <span class='ocrx_word' id='word_1_121' title='bbox 444 2305 472 2376; x_wconf 92' lang='lat' dir='ltr'><strong>si</strong></span> <span class='ocrx_word' id='word_1_122' title='bbox 497 2301 588 2378; x_wconf 92' lang='lat' dir='ltr'><strong>nibil</strong></span> <span class='ocrx_word' id='word_1_123' title='bbox 609 2304 739 2378; x_wconf 91' lang='lat' dir='ltr'><strong>horum</strong></span> <span class='ocrx_word' id='word_1_124' title='bbox 761 2304 877 2380; x_wconf 89' lang='lat' dir='ltr'><strong>adres</strong></span> <span class='ocrx_word' id='word_1_125' title='bbox 894 2333 971 2379; x_wconf 84' lang='lat' dir='ltr'><strong>suas</strong></span> <span class='ocrx_word' id='word_1_126' title='bbox 991 2307 1160 2409; x_wconf 87' lang='lat' dir='ltr'><strong>quolibet</strong></span> <span class='ocrx_word' id='word_1_127' title='bbox 1174 2306 1275 2385; x_wconf 89' lang='lat' dir='ltr'><strong>modo</strong></span> 
     </span>
     <span class='ocr_line' id='line_1_18' title="bbox 215 2421 427 2520; baseline -0.014 -26"><span class='ocrx_word' id='word_1_128' title='bbox 215 2421 427 2520; x_wconf 88' lang='lat' dir='ltr'><strong>pertineret.</strong></span> 
     </span>
    </p>
   </div>
   <div class='ocr_carea' id='block_1_3' title="bbox 267 2770 1274 2877">
    <p class='ocr_par' dir='ltr' id='par_1_3' title="bbox 267 2770 1274 2877">
     <span class='ocr_line' id='line_1_19' title="bbox 267 2770 1274 2877; baseline 0.007 -34"><span class='ocrx_word' id='word_1_129' title='bbox 267 2770 447 2844; x_wconf 85' lang='lat' dir='ltr'><strong>XXXlll.</strong></span> <span class='ocrx_word' id='word_1_130' title='bbox 478 2772 705 2844; x_wconf 81' lang='lat' dir='ltr'><strong>Testamenta</strong></span> <span class='ocrx_word' id='word_1_131' title='bbox 732 2773 785 2870; x_wconf 73' lang='grc' dir='ltr'><strong>(Δ)</strong></span> <span class='ocrx_word' id='word_1_132' title='bbox 809 2771 924 2847; x_wconf 86' lang='lat' dir='ltr'><strong>facere</strong></span> <span class='ocrx_word' id='word_1_133' title='bbox 952 2773 1129 2866; x_wconf 78' lang='lat' dir='ltr'><strong>instituit,</strong></span> <span class='ocrx_word' id='word_1_134' title='bbox 1152 2774 1274 2877; x_wconf 77' lang='lat' dir='ltr'><strong>quibus</strong></span> 
     </span>
    </p>
   </div>
   <div class='ocr_carea' id='block_1_4' title="bbox 218 2886 1273 3226">
    <p class='ocr_par' dir='ltr' id='par_1_4' title="bbox 218 2886 1273 3226">
     <span class='ocr_line' id='line_1_20' title="bbox 219 2886 1273 2993; baseline 0.002 -33"><span class='ocrx_word' id='word_1_135' title='bbox 219 2886 309 2960; x_wconf 88' lang='lat' dir='ltr'><strong>filias</strong></span> <span class='ocrx_word' id='word_1_136' title='bbox 326 2888 380 2984; x_wconf 81' lang='lat'><strong>(5)</strong></span> <span class='ocrx_word' id='word_1_137' title='bbox 399 2903 435 2959; x_wconf 92' lang='lat' dir='ltr'><strong>et</strong></span> <span class='ocrx_word' id='word_1_138' title='bbox 451 2914 495 2960; x_wconf 85' lang='lat' dir='ltr'><strong>ex</strong></span> <span class='ocrx_word' id='word_1_139' title='bbox 513 2887 726 2961; x_wconf 90' lang='lat' dir='ltr'><strong>concubinis</strong></span> <span class='ocrx_word' id='word_1_140' title='bbox 742 2888 873 2963; x_wconf 90' lang='lat' dir='ltr'><strong>liberos</strong></span> <span class='ocrx_word' id='word_1_141' title='bbox 894 2916 940 2964; x_wconf 84' lang='lat' dir='ltr'><strong>ex</strong></span> <span class='ocrx_word' id='word_1_142' title='bbox 958 2890 1076 2993; x_wconf 80' lang='lat' dir='ltr'><strong>aliqua</strong></span> <span class='ocrx_word' id='word_1_143' title='bbox 1097 2910 1201 2993; x_wconf 85' lang='lat' dir='ltr'><strong>parte</strong></span> <span class='ocrx_word' id='word_1_144' title='bbox 1215 2891 1273 2967; x_wconf 82' lang='lat' dir='ltr'><strong>sibi</strong></span> 
     </span>
     <span class='ocr_line' id='line_1_21' title="bbox 218 3001 1273 3109; baseline 0.009 -34"><span class='ocrx_word' id='word_1_145' title='bbox 218 3001 363 3076; x_wconf 86' lang='lat' dir='ltr'><strong>heredes</strong></span> <span class='ocrx_word' id='word_1_146' title='bbox 380 3001 510 3075; x_wconf 84' lang='lat' dir='ltr'><strong>faceret</strong></span> <span class='ocrx_word' id='word_1_147' title='bbox 518 3055 529 3091; x_wconf 93' lang='lat'><strong>,</strong></span> <span class='ocrx_word' id='word_1_148' title='bbox 545 3002 605 3076; x_wconf 88' lang='lat' dir='ltr'><strong>sed</strong></span> <span class='ocrx_word' id='word_1_149' title='bbox 622 3003 720 3077; x_wconf 89' lang='lat' dir='ltr'><strong>tarde</strong></span> <span class='ocrx_word' id='word_1_150' title='bbox 737 3004 920 3096; x_wconf 89' lang='lat' dir='ltr'><strong>inchoata,</strong></span> <span class='ocrx_word' id='word_1_151' title='bbox 942 3006 1068 3107; x_wconf 89' lang='lat' dir='ltr'><strong>perfici</strong></span> <span class='ocrx_word' id='word_1_152' title='bbox 1085 3033 1164 3084; x_wconf 90' lang='lat' dir='ltr'><strong>uon</strong></span> <span class='ocrx_word' id='word_1_153' title='bbox 1176 3024 1273 3109; x_wconf 80' lang='lat' dir='ltr'><strong>potc-</strong></span> 
     </span>
     <span class='ocr_line' id='line_1_22' title="bbox 219 3119 1272 3226; baseline 0.009 -36"><span class='ocrx_word' id='word_1_154' title='bbox 219 3134 314 3191; x_wconf 89' lang='lat' dir='ltr'><strong>rant.</strong></span> <span class='ocrx_word' id='word_1_155' title='bbox 338 3119 560 3193; x_wconf 90' lang='lat' dir='ltr'><strong>Divisionem</strong></span> <span class='ocrx_word' id='word_1_156' title='bbox 583 3134 701 3194; x_wconf 88' lang='lat' dir='ltr'><strong>tamen</strong></span> <span class='ocrx_word' id='word_1_157' title='bbox 726 3120 975 3197; x_wconf 88' lang='lat' dir='ltr'><strong>thesaurorum</strong></span> <span class='ocrx_word' id='word_1_158' title='bbox 1002 3139 1041 3197; x_wconf 88' lang='lat' dir='ltr'><strong>et</strong></span> <span class='ocrx_word' id='word_1_159' title='bbox 1063 3126 1227 3226; x_wconf 80' lang='lat' dir='ltr'><strong>pecunie</strong></span> <span class='ocrx_word' id='word_1_160' title='bbox 1240 3148 1272 3199; x_wconf 82' lang='lat' dir='ltr'><strong>ac</strong></span> 
     </span>
    </p>
   </div>
   <div class='ocr_carea' id='block_1_5' title="bbox 220 3237 1271 3460">
    <p class='ocr_par' dir='ltr' id='par_1_5' title="bbox 220 3237 1271 3460">
     <span class='ocr_line' id='line_1_23' title="bbox 220 3237 1271 3338; baseline 0.009 -30"><span class='ocrx_word' id='word_1_161' title='bbox 220 3237 373 3311; x_wconf 81' lang='lat' dir='ltr'><strong>restium</strong></span> <span class='ocrx_word' id='word_1_162' title='bbox 389 3237 538 3338; x_wconf 75' lang='lat' dir='ltr'><strong>aliaeque</strong></span> <span class='ocrx_word' id='word_1_163' title='bbox 555 3237 783 3337; x_wconf 90' lang='lat' dir='ltr'><strong>supellectilis</strong></span> <span class='ocrx_word' id='word_1_164' title='bbox 805 3266 928 3315; x_wconf 89' lang='lat' dir='ltr'><strong>coram</strong></span> <span class='ocrx_word' id='word_1_165' title='bbox 944 3242 1068 3316; x_wconf 89' lang='lat' dir='ltr'><strong>amicis</strong></span> <span class='ocrx_word' id='word_1_166' title='bbox 1093 3257 1133 3317; x_wconf 87' lang='lat' dir='ltr'><strong>et</strong></span> <span class='ocrx_word' id='word_1_167' title='bbox 1157 3243 1271 3317; x_wconf 81' lang='lat' dir='ltr'><strong>minis·</strong></span> 
     </span>
     <span class='ocr_line' id='line_1_24' title="bbox 220 3355 1268 3460; baseline 0.004 -34"><span class='ocrx_word' id='word_1_168' title='bbox 220 3355 286 3427; x_wconf 92' lang='lat' dir='ltr'><strong>tris</strong></span> <span class='ocrx_word' id='word_1_169' title='bbox 302 3356 393 3443; x_wconf 89' lang='lat' dir='ltr'><strong>suis,</strong></span> <span class='ocrx_word' id='word_1_170' title='bbox 412 3357 516 3428; x_wconf 89' lang='lat' dir='ltr'><strong>annis</strong></span> <span class='ocrx_word' id='word_1_171' title='bbox 537 3355 654 3428; x_wconf 89' lang='lat' dir='ltr'><strong>tribus</strong></span> <span class='ocrx_word' id='word_1_172' title='bbox 668 3357 722 3455; x_wconf 88' lang='lat'><strong>(6)</strong></span> <span class='ocrx_word' id='word_1_173' title='bbox 737 3373 928 3460; x_wconf 89' lang='lat' dir='ltr'><strong>antequam</strong></span> <span class='ocrx_word' id='word_1_174' title='bbox 949 3358 1159 3451; x_wconf 84' lang='lat' dir='ltr'><strong>decederet,</strong></span> <span class='ocrx_word' id='word_1_175' title='bbox 1176 3359 1268 3445; x_wconf 82' lang='lat' dir='ltr'><strong>seuit,</strong></span> 
     </span>
    </p>
   </div>
   <div class='ocr_carea' id='block_1_6' title="bbox 221 3577 1266 4097">
    <p class='ocr_par' dir='ltr' id='par_1_6' title="bbox 255 3577 664 3651">
     <span class='ocr_line' id='line_1_25' title="bbox 255 3577 664 3651; baseline 0 -18"><span class='ocrx_word' id='word_1_176' title='bbox 255 3580 295 3649; x_wconf 81' lang='grc' dir='ltr'><strong>(ι)</strong></span> <span class='ocrx_word' id='word_1_177' title='bbox 313 3578 384 3633; x_wconf 83' lang='lat' dir='ltr'><strong>Nor.</strong></span> <span class='ocrx_word' id='word_1_178' title='bbox 396 3577 478 3633; x_wconf 90' lang='lat' dir='ltr'><strong>codd.</strong></span> <span class='ocrx_word' id='word_1_179' title='bbox 493 3578 664 3651; x_wconf 80' lang='lat' dir='ltr'><strong>inferiorem.</strong></span> 
     </span>
    </p>

    <p class='ocr_par' dir='ltr' id='par_1_7' title="bbox 256 3665 927 3741">
     <span class='ocr_line' id='line_1_26' title="bbox 256 3665 927 3741; baseline 0.006 -21"><span class='ocrx_word' id='word_1_180' title='bbox 256 3668 295 3738; x_wconf 82' lang='lat' dir='ltr'><strong>(a)</strong></span> <span class='ocrx_word' id='word_1_181' title='bbox 313 3666 385 3722; x_wconf 85' lang='lat' dir='ltr'><strong>cod.</strong></span> <span class='ocrx_word' id='word_1_182' title='bbox 399 3665 561 3722; x_wconf 89' lang='lat' dir='ltr'><strong>Vindobou.</strong></span> <span class='ocrx_word' id='word_1_183' title='bbox 577 3666 625 3721; x_wconf 86' lang='lat'><strong>16:</strong></span> <span class='ocrx_word' id='word_1_184' title='bbox 640 3670 736 3740; x_wconf 80' lang='lat' dir='ltr'><strong>sinope</strong></span> <span class='ocrx_word' id='word_1_185' title='bbox 749 3668 927 3741; x_wconf 79' lang='lat' dir='ltr'><strong>descriptum.</strong></span> 
     </span>
    </p>

    <p class='ocr_par' dir='ltr' id='par_1_8' title="bbox 256 3752 633 3829">
     <span class='ocr_line' id='line_1_27' title="bbox 256 3752 633 3829; baseline -0.008 -20"><span class='ocrx_word' id='word_1_186' title='bbox 256 3752 296 3825; x_wconf 71' lang='grc' dir='ltr'><strong>(ὅ)</strong></span> <span class='ocrx_word' id='word_1_187' title='bbox 313 3753 359 3810; x_wconf 87' lang='lat' dir='ltr'><strong>Cl.</strong></span> <span class='ocrx_word' id='word_1_188' title='bbox 372 3754 450 3809; x_wconf 87' lang='lat' dir='ltr'><strong>Suet.</strong></span> <span class='ocrx_word' id='word_1_189' title='bbox 463 3755 536 3826; x_wconf 75' lang='lat' dir='ltr'><strong>Aug.</strong></span> <span class='ocrx_word' id='word_1_190' title='bbox 552 3772 576 3808; x_wconf 89' lang='lat' dir='ltr'><strong>c.</strong></span> <span class='ocrx_word' id='word_1_191' title='bbox 589 3772 633 3829; x_wconf 89' lang='lat'><strong>97.</strong></span> 
     </span>
    </p>

    <p class='ocr_par' dir='ltr' id='par_1_9' title="bbox 255 3843 651 3916">
     <span class='ocr_line' id='line_1_28' title="bbox 255 3843 651 3916; baseline -0.008 -16"><span class='ocrx_word' id='word_1_192' title='bbox 255 3845 295 3916; x_wconf 68' lang='lat' dir='ltr'><strong>(l)</strong></span> <span class='ocrx_word' id='word_1_193' title='bbox 312 3843 358 3901; x_wconf 81' lang='lat' dir='ltr'><strong>cf.</strong></span> <span class='ocrx_word' id='word_1_194' title='bbox 372 3844 448 3899; x_wconf 86' lang='lat' dir='ltr'><strong>Suet.</strong></span> <span class='ocrx_word' id='word_1_195' title='bbox 465 3850 538 3916; x_wconf 82' lang='lat' dir='ltr'><strong>Aug.</strong></span> <span class='ocrx_word' id='word_1_196' title='bbox 553 3863 577 3897; x_wconf 93' lang='lat' dir='ltr'><strong>c.</strong></span> <span class='ocrx_word' id='word_1_197' title='bbox 594 3861 651 3898; x_wconf 86' lang='lat'><strong>101.</strong></span> 
     </span>
    </p>

    <p class='ocr_par' dir='ltr' id='par_1_10' title="bbox 221 3933 1266 4097">
     <span class='ocr_line' id='line_1_29' title="bbox 254 3933 1265 4012; baseline 0.006 -21"><span class='ocrx_word' id='word_1_198' title='bbox 254 3934 294 4007; x_wconf 84' lang='lat'><strong>(5)</strong></span> <span class='ocrx_word' id='word_1_199' title='bbox 311 3935 381 3992; x_wconf 91' lang='lat' dir='ltr'><strong>Cod.</strong></span> <span class='ocrx_word' id='word_1_200' title='bbox 396 3933 556 3991; x_wconf 87' lang='lat' dir='ltr'><strong>Vindobon.</strong></span> <span class='ocrx_word' id='word_1_201' title='bbox 572 3933 624 4011; x_wconf 84' lang='lat'><strong>667</strong></span> <span class='ocrx_word' id='word_1_202' title='bbox 638 3959 643 3988; x_wconf 78' lang='lat' dir='ltr'>z</span> <span class='ocrx_word' id='word_1_203' title='bbox 657 3935 757 4010; x_wconf 83' lang='lat' dir='ltr'><strong>quibus</strong></span> <span class='ocrx_word' id='word_1_204' title='bbox 769 3956 806 3992; x_wconf 78' lang='lat' dir='ltr'><strong>ex</strong></span> <span class='ocrx_word' id='word_1_205' title='bbox 818 3937 978 3992; x_wconf 66' lang='lat' dir='ltr'><strong>concubitis</strong></span> <span class='ocrx_word' id='word_1_206' title='bbox 983 3938 1069 4012; x_wconf 77' lang='lat' dir='ltr'><strong>filias</strong></span> <span class='ocrx_word' id='word_1_207' title='bbox 1086 3949 1115 3995; x_wconf 80' lang='lat' dir='ltr'><strong>et</strong></span> <span class='ocrx_word' id='word_1_208' title='bbox 1130 3940 1265 3996; x_wconf 67' lang='lat' dir='ltr'><strong>libem*</strong></span> 
     </span>
     <span class='ocr_line' id='line_1_30' title="bbox 221 4019 1266 4097; baseline 0.002 -18"><span class='ocrx_word' id='word_1_209' title='bbox 221 4023 312 4079; x_wconf 93' lang='lat' dir='ltr'><strong>Codd.</strong></span> <span class='ocrx_word' id='word_1_210' title='bbox 331 4023 401 4097; x_wconf 76' lang='lat' dir='ltr'><strong>neg.</strong></span> <span class='ocrx_word' id='word_1_211' title='bbox 419 4023 505 4077; x_wconf 84' lang='lat' dir='ltr'><strong>Paris.</strong></span> <span class='ocrx_word' id='word_1_212' title='bbox 520 4019 591 4096; x_wconf 74' lang='grc'><strong>5943</strong></span> <span class='ocrx_word' id='word_1_213' title='bbox 606 4034 634 4078; x_wconf 89' lang='lat' dir='ltr'><strong>et</strong></span> <span class='ocrx_word' id='word_1_214' title='bbox 653 4022 885 4097; x_wconf 72' lang='lat' dir='ltr'><strong>5926÷fi1nsex.</strong></span> <span class='ocrx_word' id='word_1_215' title='bbox 898 4024 1013 4081; x_wconf 88' lang='lat' dir='ltr'><strong>—C0d.</strong></span> <span class='ocrx_word' id='word_1_216' title='bbox 1031 4025 1192 4085; x_wconf 75' lang='lat' dir='ltr'><strong>vindobon.</strong></span> <span class='ocrx_word' id='word_1_217' title='bbox 1210 4020 1266 4081; x_wconf 61' lang='grc' dir='ltr'><strong>161α</strong></span> 
     </span>
    </p>
   </div>
   <div class='ocr_carea' id='block_1_7' title="bbox 222 4107 1041 4271">
    <p class='ocr_par' dir='ltr' id='par_1_11' title="bbox 222 4107 1041 4271">
     <span class='ocr_line' id='line_1_31' title="bbox 222 4107 857 4186; baseline 0 -21"><span class='ocrx_word' id='word_1_218' title='bbox 222 4110 303 4165; x_wconf 88' lang='lat' dir='ltr'><strong>codd.</strong></span> <span class='ocrx_word' id='word_1_219' title='bbox 318 4111 390 4183; x_wconf 82' lang='lat' dir='ltr'><strong>llrg.</strong></span> <span class='ocrx_word' id='word_1_220' title='bbox 406 4111 468 4165; x_wconf 87' lang='lat' dir='ltr'><strong>Par.</strong></span> <span class='ocrx_word' id='word_1_221' title='bbox 486 4108 563 4184; x_wconf 69' lang='lat'><strong>4877,</strong></span> <span class='ocrx_word' id='word_1_222' title='bbox 578 4107 658 4186; x_wconf 79' lang='grc'><strong>5997,</strong></span> <span class='ocrx_word' id='word_1_223' title='bbox 672 4108 743 4184; x_wconf 86' lang='grc'><strong>5999</strong></span> <span class='ocrx_word' id='word_1_224' title='bbox 755 4113 857 4184; x_wconf 73' lang='lat' dir='ltr'><strong>:filiun</strong></span> 
     </span>
     <span class='ocr_line' id='line_1_32' title="bbox 258 4196 1041 4271; baseline 0.003 -15"><span class='ocrx_word' id='word_1_225' title='bbox 258 4200 296 4271; x_wconf 79' lang='lat'><strong>(6)</strong></span> <span class='ocrx_word' id='word_1_226' title='bbox 314 4201 403 4257; x_wconf 92' lang='lat' dir='ltr'><strong>Codd.</strong></span> <span class='ocrx_word' id='word_1_227' title='bbox 420 4199 581 4255; x_wconf 71' lang='lat' dir='ltr'><strong>vindobon.</strong></span> <span class='ocrx_word' id='word_1_228' title='bbox 595 4196 647 4255; x_wconf 79' lang='lat'><strong>338</strong></span> <span class='ocrx_word' id='word_1_229' title='bbox 660 4210 689 4254; x_wconf 86' lang='lat' dir='ltr'><strong>et</strong></span> <span class='ocrx_word' id='word_1_230' title='bbox 702 4200 847 4257; x_wconf 78' lang='lat' dir='ltr'><strong>Zwetlens</strong></span> <span class='ocrx_word' id='word_1_231' title='bbox 860 4221 935 4257; x_wconf 81' lang='lat' dir='ltr'><strong>anno</strong></span> <span class='ocrx_word' id='word_1_232' title='bbox 948 4205 1041 4258; x_wconf 69' lang='lat' dir='ltr'><strong>terrio.</strong></span> 
     </span>
    </p>
   </div>
   <div class='ocr_carea' id='block_1_8' title="bbox 0 0 1509 5272">
    <p class='ocr_par' dir='ltr' id='par_1_12' title="bbox 0 0 1509 5272">
     <span class='ocr_line' id='line_1_33' title="bbox 0 0 1509 5272; baseline 0 0"><span class='ocrx_word' id='word_1_233' title='bbox 0 0 1509 5272; x_wconf 95' lang='lat' dir='ltr'><strong> </strong></span> 
     </span>
    </p>
   </div>
  </div>
 </body>
</html>
