3000 5272
210 366 271 426 280
650 364 838 425 nanctus.

212 496 400 584 rantibus,
417 499 561 598 cognita
580 498 724 570 iliorum
742 496 889 582 fraude,
905 495 1082 569 discessit.
1099 494 1152 567 Aa
1167 494 1207 571 in
1222 520 1284 571 oc·

212 610 324 684 ciduis
337 611 498 711 partibus
514 615 588 712 (1),
599 612 755 687 domnus
767 609 1000 685 Hludowicus
1013 637 1077 685 rex
1087 636 1172 685 cum
1180 634 1282 685 exer·

211 729 286 800 citu
303 728 510 828 Hispaniam
527 735 724 828 ingressus,
744 722 932 800 Dertosam
946 727 1129 800 civitatem
1147 726 1186 799 in
1204 727 1283 827 ripa

212 842 337 917 Hiberi
357 845 411 943 (2)
436 843 598 917 [luminis
621 845 726 917 sitam
742 841 904 930 obsedit,
929 857 1223 943 consumptoque
1246 842 1283 917 in

212 960 483 1061 oppugnatione
497 960 595 1035 illius
607 960 793 1060 aliquanto
806 975 985 1057 tempore,
999 973 1196 1060 postquam
1206 982 1284 1033 cum

215 1090 290 1148 tam
306 1077 380 1151 cito
394 1077 470 1174 capi
489 1102 564 1149 non
578 1102 681 1176 posse
694 1076 784 1149 vidit
793 1129 804 1164 ,
820 1074 963 1148 dimissa
977 1072 1188 1163 obsidione,
1202 1100 1285 1149 cum

216 1191 387 1265 incolumi
406 1194 567 1267 exercitu
586 1194 622 1266 in
635 1192 867 1294 Aquitaniam
880 1220 917 1265 se
930 1192 1078 1291 recepit
1089 1193 1286 1295 Postquam

217 1308 392 1382 Ardulfus
409 1336 473 1384 rex
491 1307 881 1383 Nordanhumbrorum
899 1308 1069 1382 reductus
1084 1326 1139 1384 est
1156 1308 1195 1384 in
1208 1336 1287 1411 rq-

218 1452 307 1498 num
326 1451 432 1499 suum
442 1481 453 1514 ,
476 1444 513 1499 et
536 1427 641 1527 legati
667 1427 894 1525 imperatoris
910 1444 1017 1528 atque
1033 1426 1220 1527 pontificis
1234 1454 1287 1503 rs·

218 1542 311 1616 versi
329 1557 433 1631 sunt,
452 1568 545 1616 unus
567 1543 699 1631 exeis,
719 1541 893 1616 Ardulfus
912 1542 1080 1617 videlicet
1094 1542 1285 1637 diaconm,

219 1686 237 1729 a
252 1659 375 1758 piratis
386 1675 511 1757 captus
522 1674 588 1747 est,
605 1660 743 1732 caeteris
754 1659 830 1732 sine
841 1659 1003 1758 periculo
1021 1656 1285 1747 traicientibus,

221 1774 422 1876 ductusque
434 1772 480 1846 ab
499 1776 548 1847 eis
563 1777 599 1847 in
615 1776 844 1864 Brittaniam,
857 1802 875 1847 a
889 1776 1047 1877 quodam
1062 1776 1227 1851 Coenulfi
1239 1802 1288 1851 re·

222 1892 275 1991 gis
297 1890 444 1964 homine
468 1890 675 1990 redemptus
698 1908 773 1980 est,
796 1894 1020 1994 Romamque
1043 1919 1221 1967 reversus.
1248 1895 1287 1967 in

223 2011 353 2085 Trascia
371 2010 637 2110 Populonium,
659 2010 782 2083 civitas
798 2011 997 2098 maritima,
1017 2010 1213 2101 aGraecis,
1228 2012 1288 2113 qui

224 2125 413 2202 Orobiotae
426 2128 481 2226 (ὅ)
499 2142 689 2216 accuratur,
708 2127 911 2227 depraedata
926 2144 992 2202 est.
1012 2130 1129 2203 Mauri
1146 2156 1290 2232 quoqne

224 2242 268 2316 de
280 2242 449 2340 Hispania
463 2242 645 2315 Corsicam
660 2244 828 2342 ingressi,
848 2245 885 2316 in
903 2244 981 2342 ipsc
996 2259 1121 2319 sancto
1135 2244 1291 2319 Panchai

224 2356 374 2433 sabbato
398 2359 579 2431 civitatem
601 2359 792 2461 quamdam
816 2360 1070 2460 diripuerunt,
1099 2376 1138 2435 et
1162 2376 1293 2463 practer

227 2479 434 2577 episcopum
451 2504 491 2550 ac
508 2503 640 2577 paucos
657 2504 758 2550 senes
773 2492 882 2578 atque
901 2477 1066 2552 infirmos
1083 2477 1176 2552 nihii
1199 2479 1238 2555 iu
1255 2504 1293 2555 ct

230 2595 469 2699 reliquerunt.
488 2597 627 2668 interea
641 2594 863 2671 Godosridus
880 2621 944 2669 rex
956 2597 1145 2669 Danorum
1159 2623 1227 2696 per
1238 2622 1295 2670 ne·

227 2710 423 2811 gotiatores
440 2711 614 2813 quosdam
627 2711 827 2798 mandavit,
844 2737 881 2784 se
897 2710 1052 2797 audisse,
1065 2712 1167 2811 quod
1184 2713 1297 2812 impe·

231 2839 331 2898 rator
348 2827 379 2899 ei
398 2827 519 2899 fuisset
539 2828 667 2915 iratus,
683 2853 752 2928 pro
768 2854 812 2902 eo
826 2827 926 2928 quod
940 2828 979 2900 in
991 2826 1191 2903 Abodritoa
1202 2852 1297 2905 anuo

231 2944 416 3045 superiore
433 2943 538 3015 duxit
554 2945 775 3031 exercitum,
795 2960 831 3018 et
848 2971 927 3017 suas
943 2944 1040 3019 ultus
1057 2961 1111 3019 est
1130 2944 1296 3047 injuriat,

232 3061 364 3137 addens
381 3059 472 3133 velle
494 3087 530 3134 se
555 3087 708 3161 purgare
729 3059 774 3133 ah
791 3087 835 3135 eo
858 3060 957 3162 quod
980 3062 1011 3135 ei
1035 3059 1296 3161 objiciebatur3

233 3178 381 3252 foederis
401 3177 643 3277 irruptionem
659 3177 705 3252 ab
722 3179 793 3254 illis
811 3181 931 3279 primo
954 3180 1008 3279 (4)
1028 3179 1136 3253 fuisse
1154 3179 1298 3255 inchoa·

237 3313 320 3367 tam.
340 3293 487 3368 Petebat
500 3296 607 3368 etiam
616 3350 626 3383 ,
645 3313 685 3369 ut
698 3313 898 3371 conventus
911 3298 1087 3371 comitum
1105 3298 1300 3398 imperato-

236 3413 286 3484 ris
298 3427 405 3511 atque
418 3437 567 3485 suorum
576 3416 678 3511 juxta
694 3414 868 3489 terminos
881 3415 983 3514 regni
997 3414 1051 3486 sui
1068 3429 1168 3487 trans
1182 3413 1302 3489 Albim

457 3598 648 3608 ..ψ--

273 3699 313 3767 (ι)
331 3696 451 3751 Nuenar.
468 3713 577 3749 comcs:
592 3697 714 3752 occiduis
728 3698 896 3771 regionibus.

274 3791 314 3853 (a)
333 3784 387 3839 ΑΙΙ.
403 3784 526 3852 Hiberis,
540 3785 624 3841 Iberi.

275 3872 314 3943 (ὅ)
334 3877 352 3929 i.
367 3894 391 3928 e.
408 3868 555 3944 όροζιῦτιι.
572 3873 617 3928 Sic
635 3874 757 3929 Nuouar.
773 3893 845 3928 com.

274 3972 312 4039 (4)
330 3968 419 4024 Codd.
438 3964 596 4020 vindobon.
611 3963 680 4030 aba,
705 3964 775 4035 aeg.
789 3965 874 4018 Paris.
893 3962 979 4037 5924,
996 3965 1104 4019 'siurim
1125 3975 1153 4019 et
1173 3964 1305 4038 Amberg.

241 4071 351 4131 tresque
371 4055 453 4110 codd.
474 4052 621 4109 Annalium
637 4053 755 4106 Latrriss.
777 4053 813 4106 ab
831 4054 879 4108 illo
894 4056 1000 4122 prioris.
1020 4084 1054 4095 -
1068 4052 1161 4108 Codd.
1182 4054 1305 4109 Hauncr.

243 4145 423 4203 Vindobona.
442 4163 488 4196 rm
499 4154 525 4193 rt
537 4160 590 4214 99⁰
603 4166 607 4173 ·
623 4142 659 4195 ab
673 4145 712 4193 ris
722 4145 851 4211 primum.
862 4173 896 4183 —
910 4142 941 4196 H.
959 4142 1044 4214 Horrq.
1060 4141 1098 4196 ab
1110 4141 1159 4195 illu
1170 4143 1307 4214 primitus.
