3000 5272
655 397 843 481 uiuotus.

667 590 833 663 DCCCX.

263 752 440 837 Amoroz,
464 751 740 850 Caesaraugustae
761 751 977 851 praefectus,
1001 769 1196 857 postquam
1217 757 1283 829 im-

214 871 391 972 peratoris
416 870 518 968 legati
547 868 697 941 adeum
723 884 988 968 pervenerunt,
1013 872 1125 971 petiit
1145 890 1191 947 ut
1209 874 1282 949 col·

214 986 379 1087 loquium
403 984 505 1057 lieret
530 984 627 1057 inter
650 984 767 1082 ipsum
789 1000 827 1058 et
850 984 1032 1084 Hispanici
1055 986 1186 1061 limitis
1206 1014 1281 1063 cus-

214 1103 333 1190 todes,
347 1102 565 1202 promittens
577 1126 613 1174 se
627 1102 665 1173 in
677 1126 721 1174 eo
732 1100 919 1202 colloquio
929 1129 1012 1175 cum
1026 1106 1101 1179 suis
1112 1105 1279 1183 omuibus

216 1224 253 1295 in
280 1221 505 1320 imperatoris
529 1219 705 1292 ditionem
731 1245 804 1293 esse
830 1235 1047 1309 venturum
1071 1222 1178 1324 quod
1202 1224 1278 1299 licet

215 1343 411 1439 imperator
436 1353 477 1409 ut
500 1336 602 1411 lieret
627 1336 832 1425 annuisset,
859 1336 983 1411 multis
1009 1340 1277 1415 intervenienti·

214 1453 281 1528 hus
291 1454 417 1546 causis,
431 1453 603 1525 remansit
616 1450 805 1525 infectum.
818 1453 955 1540 Mauri,
965 1453 1011 1527 de
1025 1469 1104 1529 tota
1117 1456 1274 1555 llispaoia

215 1572 368 1644 maxima
391 1567 498 1640 classe
517 1581 744 1666 comparata,
762 1568 884 1666 primo
903 1567 1131 1659 Sardiniam,
1156 1571 1274 1647 ddode

214 1688 396 1761 Corsicam
413 1683 654 1784 appulerunt,
670 1682 845 1782 nulloque
865 1684 904 1755 in
923 1710 963 1757 ea
985 1685 1138 1763 invento
1160 1688 1273 1787 pmi-

213 1805 301 1894 dio,
330 1800 482 1872 insulam
509 1825 600 1897 peno
628 1813 741 1871 totam
763 1795 995 1898 subegerunt.
1026 1802 1169 1877 luteres
1198 1804 1272 1903 Pip-

214 1923 322 2021 pinos
349 1945 439 2008 rex,
470 1914 617 2016 perfidia
646 1914 779 1988 ducum
803 1916 1061 1991 Veneticorum
1093 1920 1269 2006 incitatus,

213 2036 402 2111 Venetiam
415 2031 514 2105 bello
528 2046 693 2132 terraque
707 2032 871 2132 marique
881 2034 987 2130 jussit
999 2050 1189 2134 appetere,
1201 2034 1271 2111 sule

210 2155 375 2251 jectaque
388 2147 539 2220 Venetia
553 2170 593 2218 ac
606 2144 758 2217 ducibus
776 2149 851 2244 ejus
869 2147 906 2220 in
921 2147 1148 2223 deditionem
1163 2174 1272 2251 accep

213 2271 283 2356 tis,
316 2265 464 2340 eandem
494 2262 637 2335 classem
670 2262 714 2334 ad
746 2262 930 2336 Dalmatiae
962 2263 1089 2338 littora
1115 2265 1270 2341 rathum

212 2388 325 2461 misit.
345 2382 413 2457 Sed
429 2408 513 2453 cum
529 2379 678 2467 Paulus,
697 2378 890 2453 Cefalaniae
902 2382 957 2480 (r)
972 2382 1271 2481 praefectus„con

212 2503 381 2582 orientali
396 2501 503 2573 classe
516 2496 560 2569 od
573 2497 748 2569 auxilium
760 2497 931 2569 Dalmatis
943 2497 1138 2575 ferendum
1154 2500 1272 2577 adveu-

213 2635 321 2711 taret,
335 2618 431 2716 regia
445 2614 562 2687 classis
571 2613 616 2685 ad
625 2612 771 2712 propria
782 2611 998 2713 regreditur.
1011 2614 1272 2717 Hroodndot

213 2735 287 2809 filia
297 2729 525 2831 imperatoris
534 2754 616 2827 quae
626 2742 713 2799 natu
725 2731 840 2826 major
850 2728 905 2827 (3)
916 2746 1013 2818 erat,
1026 2753 1093 2802 vm
1109 2730 1192 2807 idus
1196 2758 1270 2833 jou

213 2850 309 2922 diem
323 2845 428 2920 obiit.
444 2846 646 2942 Imperator
658 2868 744 2916 vero
759 2842 976 2944 Aquisgrani
988 2842 1109 2919 adhuc
1120 2861 1272 2947 agemal

212 2981 339 3041 contra
368 2959 611 3035 Godosridum
638 2985 759 3061 regem
787 2958 1053 3059 expeditionem
1081 2964 1268 3053 medium,

212 3083 385 3158 nuntium
394 3077 545 3176 aceepit,
558 3076 703 3148 classem
713 3078 951 3149 ducentarum
958 3077 1165 3155 naviumde
1172 3080 1271 3157 Nos

210 3200 356 3274 mannia
383 3196 532 3270 Frisiam
559 3192 755 3293 appulisse,
786 3209 951 3295 totasque
974 3195 1135 3271 Frisiaoo
1160 3196 1267 3273 littori

210 3318 408 3416 adjacentes
436 3311 566 3385 insulas
600 3335 673 3383 esse
701 3325 871 3399 vastatas,
901 3314 1048 3411 jamque
1072 3314 1268 3387 exercitum

211 3432 372 3506 illumin
398 3427 602 3500 continenti
626 3452 722 3514 esse,
746 3440 918 3525 ternaque
942 3424 1268 3524 praeliaoum.F1i·

211 3544 373 3622 sionibus
407 3542 647 3626 commisisse,
683 3542 874 3639 Danosque
904 3540 1058 3614 victores
1092 3540 1265 3617 tributum

212 3664 314 3736 victis
334 3658 560 3758 imposuisse,
579 3671 615 3729 et
632 3655 814 3756 vectigalis
834 3656 982 3729 nomine
1000 3671 1150 3731 centum
1167 3656 1267 3733 litus

217 3876 317 3887 .-—-·
322 3869 490 3881 —————-

245 4001 282 4068 (ι)
301 3995 355 4050 All.
375 3990 545 4064 Cefalagioe‚
562 3985 711 4058 Lesaloioe,
730 3983 914 4054 Cephalem'oe.

244 4092 282 4158 (a)
301 4086 341 4138 De
352 4083 432 4136 variis
446 4080 530 4149 hujus
542 4075 663 4129 nominis
675 4071 840 4126 lectionibus
850 4071 904 4124 rid.
918 4088 1000 4143 supra
1014 4088 1042 4142 p.
1053 4078 1100 4124 to.

243 4175 280 4244 (ὅ)
298 4171 368 4228 Cod.
385 4170 492 4224 Treuir.
506 4175 575 4220 reatu
587 4166 676 4214 nrinor
689 4169 757 4212 erat.
