3000 5272
484 386 723 450 ammorii
743 388 798 451 oa
817 388 1032 451 anniano.
1245 398 1293 471 aa

427 626 501 678 xlv.
518 626 568 678 Ex
585 627 715 681 (tt-'sris
730 626 863 681 REGUM
880 627 1093 682 anunotturt

315 809 329 839 a
347 790 490 842 Willelmo
502 791 731 844 lllalmesbnriensi
748 791 896 860 descriptis.
913 793 975 844 Lib.
989 793 1029 852 ll,
1043 812 1101 861 cap.
1113 812 1151 845 ιιι
1168 796 1213 860 (ι).

264 981 427 1055 (Heni-icus
444 985 614 1063 imperator)
630 1005 755 1045 sororem
771 985 1020 1045 sanctimonialem
1036 986 1121 1045 unice
1136 984 1294 1067 diligebat,

220 1091 254 1136 ut
268 1099 321 1136 suo
332 1100 394 1136 eam
410 1078 492 1137 lateri
507 1078 605 1138 deesse
617 1101 674 1139 non
691 1093 849 1160 pateretur,
860 1079 912 1139 sed
925 1101 1040 1161 semper
1054 1079 1210 1138 triclinium
1233 1082 1295 1160 ejus

221 1193 274 1230 sno
287 1174 488 1253 conjungeret.
502 1173 578 1232 Dum
596 1174 684 1255 igitur
696 1175 821 1254 quadam
838 1174 954 1255 hyeme,
968 1197 1032 1254 que
1042 1173 1160 1234 nivibus
1172 1188 1199 1234 et
1210 1176 1294 1254 prui-

220 1259 267 1324 nis
287 1289 389 1349 aspera
406 1268 603 1346 inhorruerat,
619 1292 678 1329 uno
690 1269 741 1328 diu
755 1271 818 1330 loco
833 1270 1023 1343 detineretur,
1037 1271 1160 1329 clericus
1175 1269 1294 1351 quidam

219 1363 340 1422 curialis
355 1362 523 1424 familiarior
534 1365 610 1443 justo
624 1366 727 1445 puelle
740 1367 870 1435 effectus,
885 1366 987 1425 crebro
1001 1380 1156 1426 nocturnas
1168 1367 1197 1424 in
1213 1365 1296 1424 cubi·

220 1462 287 1521 culo
302 1463 366 1540 ejus
384 1461 545 1549 protelabat
560 1462 685 1542 vigilias.
705 1461 743 1521 Et
758 1462 918 1544 quamlibet
929 1462 1109 1522 multimodis
1122 1462 1296 1542 tergiversa-

219 1558 350 1616 tionibus
372 1559 529 1638 nequitiam
552 1558 704 1639 palliaret,
726 1557 850 1618 advcrtit
866 1556 936 1617 illud
954 1559 1059 1638 aliquis
1074 1555 1168 1638 (quod
1182 1555 1295 1615 difficile

220 1652 257 1710 sit
271 1651 383 1710 crimen
399 1674 457 1711 non
472 1651 593 1732 prodere
604 1653 686 1712 uultu
703 1653 748 1712 rel
760 1658 872 1734 gestu),
889 1665 934 1729 et,
948 1653 1008 1731 jam
1023 1652 1111 1731 vulgo
1126 1674 1187 1711 rem
1199 1650 1297 1710 venti-

219 1745 320 1819 lante,
334 1747 412 1805 solus
429 1747 575 1806 nesciebat
587 1747 744 1828 imperator
757 1761 785 1806 et
799 1769 924 1807 sororem
936 1769 1016 1806 suam
1030 1747 1165 1828 pudieam
1182 1744 1297 1805 eredere

219 1841 358 1900 audebat.
370 1841 426 1902 Sed
438 1864 504 1901 eunt
516 1841 641 1922 quadam
659 1857 745 1902 nocte
759 1845 863 1924 rupilio
877 1842 1040 1902 fruerentur
1053 1839 1252 1923 amplexibus,
1268 1854 1296 1900 et

218 1934 331 1995 diutius
350 1957 380 1995 se
392 1935 525 2016 voluptas
544 1936 739 2016 protenderet,
755 1937 852 1996 illuxit
865 1959 967 2010 mane,
984 1951 1013 1996 et
1027 1958 1095 1997 ecce
1111 1937 1163 1995 nix
1179 1956 1294 1994 omnem

218 2043 328 2088 terram
343 2043 505 2110 operuerat.
519 2030 602 2090 Tunc
612 2031 734 2091 clericus
749 2034 798 2112 qui
812 2053 843 2091 se
861 2031 1135 2111 deprehendendam
1150 2053 1202 2110 per
1215 2033 1299 2089 vesti·

218 2128 266 2206 gia
282 2127 313 2182 in
332 2126 399 2184 nive
414 2125 539 2198 timeret,
560 2127 701 2207 persuasit
718 2127 816 2185 amice
837 2147 893 2184 suae
908 2139 940 2185 ut
958 2126 1042 2185 dorso
1062 2126 1126 2202 ejus
1148 2125 1297 2207 impositus

217 2222 369 2303 angustias
384 2221 448 2279 illas
463 2222 608 2281 evaderet.
624 2221 680 2280 llla
692 2243 752 2280 non
763 2220 889 2279 refutans
906 2221 1128 2304 impudentiam,
1140 2218 1296 2279 dummodo

218 2316 325 2375 ritaret
341 2315 544 2375 verecundiam
559 2361 569 2390 ,
585 2317 664 2377 levat
676 2328 756 2397 tergo
773 2318 912 2375 amasium
928 2329 957 2375 et
974 2329 1054 2375 extra
1074 2316 1184 2374 curiam
1200 2317 1293 2374 effert.

218 2409 258 2470 Et
270 2411 423 2471 sortetune
434 2413 588 2493 imperator
598 2413 736 2471 minctum
748 2427 923 2483 surrexerat,
932 2425 961 2471 et
971 2433 1024 2492 per
1034 2411 1188 2472 fenestram
1199 2432 1297 2470 coena-

217 2509 279 2568 culi
299 2507 461 2588 despiciens
475 2509 553 2568 videt
565 2508 701 2568 clericum
716 2510 905 2589 equitantem.
923 2507 1020 2567 Primo
1034 2507 1151 2589 quidem
1168 2508 1230 2566 visu
1243 2506 1298 2567 ho-

217 2605 348 2676 bctatus,
367 2603 418 2662 sed
437 2625 468 2663 re
490 2604 657 2685 diligentius
672 2603 835 2684 explorata,
859 2603 970 2684 pudore
984 2617 1013 2662 et
1030 2603 1228 2685 indignatione
1242 2603 1298 2662 ob-

216 2701 338 2759 mutuit.
359 2700 473 2759 Interea
490 2700 629 2759 hesitanti
649 2712 746 2758 utrum
761 2712 910 2780 peecatum
927 2701 1102 2779 impunitum
1119 2698 1296 2772 dimitteret,

217 2795 265 2854 rel
287 2807 441 2875 peccantes
454 2795 572 2854 honeste
587 2794 780 2877 redargueret,
798 2794 917 2852 obvenit
930 2796 1042 2853 occasio
1056 2807 1088 2853 ut
1099 2796 1295 2875 episcopatum

217 2903 371 2948 vacantem
390 2889 472 2948 daret
495 2889 616 2962 clerico;
639 2888 697 2947 haec
718 2889 804 2949 verba
824 2889 941 2948 auribus
965 2890 1148 2948 insusurrans
1169 2913 1178 2948 ε
1197 2912 1213 2948 u
1230 2887 1293 2962 Tu,

220 3013 235 3043 a.
252 2987 368 3066 inquit,
385 2986 483 3066 accipe
495 2987 691 3065 episcopatum
708 2997 737 3043 et
755 2985 873 3044 vidone
891 2985 1010 3043 ulterius
1031 2985 1173 3066 inequites
1188 2984 1296 3044 mulie-

221 3107 236 3139 a
252 3103 326 3140 rem
343 3104 359 3137 a
377 3081 452 3140 Item
477 3080 551 3140 dana
563 3080 707 3139 abbatiam
723 3079 984 3138 sanctimonialium
1001 3101 1143 3160 germane
1158 3103 1166 3138 a
1182 3075 1292 3150 «Euo,

221 3204 236 3236 a
253 3181 308 3249 ait,
325 3179 482 3249 abbatissa,
493 3199 547 3237 nee
565 3176 639 3235 ultra
656 3176 772 3258 patiaris
788 3175 923 3245 clericum
940 3177 1157 3259 equitantem.»
1174 3173 1293 3234 Conlusi

219 3276 283 3347 illi,
300 3277 353 3356 qni
368 3288 426 3333 um
441 3275 520 3356 gravi
540 3273 617 3332 dieto
631 3293 662 3332 se
676 3273 815 3338 sentirent
828 3271 991 3352 lapidatos,
1010 3272 1192 3333 desciverant
1206 3293 1221 3330 a
1237 3270 1293 3331 fla-

220 3374 292 3455 gitio
303 3370 383 3453 qood
396 3370 533 3431 divinitus
550 3371 721 3451 inspiratum
735 3368 874 3449 putabant
889 3390 905 3426 a
920 3367 1055 3439 Domino.

253 3662 261 3707 ς
267 3660 288 3716 ι)
302 3649 429 3700 William
440 3649 610 3708 Sommerset,
624 3647 683 3714 plus
695 3664 779 3697 connu
792 3663 851 3696 sous
863 3644 888 3694 le
899 3663 958 3694 nnm
970 3643 1004 3695 de
1014 3644 1169 3697 Guillaume
1180 3644 1212 3696 dc
1222 3644 1292 3697 Mat-

225 3731 356 3796 nom.
375 3727 526 3778 be‘nedictin
543 3725 656 3794 anglais,
674 3725 797 3776 florissait
814 3723 877 3774 dans
895 3723 919 3773 le
933 3735 981 3773 au·
994 3723 1087 3791 siecle,
1103 3741 1136 3774 on
1155 3724 1246 3790 ignore
1264 3723 1290 3776 la

224 3810 281 3860 date
291 3807 394 3875 pre'tise
405 3805 472 3856 desa
483 3813 566 3860 mort,
579 3804 644 3853 mais
655 3821 686 3853 on
695 3803 743 3854 sait
756 3801 821 3869 qn'il
831 3800 913 3852 vivait
923 3818 1016 3852 encore
1028 3819 1059 3852 cn
1074 3802 1144 3868 ¹¹43·
1155 3801 1208 3856 Son
1218 3803 1289 3871 prin·

226 3888 289 3954 tipai
305 3901 439 3952 ouvrage.
459 3883 500 3934 De
518 3883 594 3933 rebus
610 3885 690 3951 gestis
710 3899 800 3949 regum
819 3882 971 3948 Anglorum
990 3881 1046 3931 libr.
1060 3879 1097 3944 V,
1111 3899 1261 3935 commeare
1275 3882 1289 3933 d

225 3964 342 4033 lipaque
350 3963 384 4014 de
395 3963 420 4013 la
433 3963 561 4029 premidre
576 3961 693 4012 invasion
708 3959 750 4011 des
760 3960 871 4021 Saxona,
885 3970 911 4012 et
924 3960 1006 4011 finiti
1023 3960 1049 4012 la
1066 3960 1201 4014 dousitme
1210 3962 1291 4017 enoda

225 4045 256 4094 da
266 4047 348 4112 regne
359 4041 393 4094 dc
406 4041 487 4092 Henri
501 4043 545 4103 lu,
559 4058 589 4092 en
604 4057 672 4108 ¹¹²5·
686 4040 723 4090 Le
736 4055 839 4107 passage
853 4057 904 4107 qur
921 4059 985 4091 nous
1000 4041 1083 4096 citons
1095 4051 1130 4094 cst
1146 4041 1239 4096 extrait
1256 4040 1290 4095 de

225 4122 342 4175 naum
353 4122 386 4172 de
396 4121 546 4183 francfort,
560 4118 658 4182 insol..
676 4122 748 4185 160¹,
764 4135 820 4188 pag.
835 4137 873 4187 77.
