3000 5272
472 449 711 512 resrruoau
734 451 785 510 os
808 427 1021 511 errulum.

216 597 228 616 «
248 565 312 623 Non
328 577 440 645 torpore
452 586 516 624 meo
530 566 665 644 turpique
679 585 803 643 pavore,
818 565 939 638 fatebor,

256 688 269 711 ιι
288 659 462 718 Francorum
478 661 548 719 fines
565 679 635 740 gens
648 660 764 718 inimica
780 659 856 721 tulit.

217 785 229 804 ιι
248 754 312 812 lam
327 776 441 834 quoque
455 754 571 837 sanguis
587 752 687 826 hebet,
703 757 839 834 torpescit
853 753 915 814 dira
929 769 1074 828 senectus,

259 880 272 901 «
290 849 406 909 Florida
418 851 537 909 canities
550 849 640 908 lactea
658 848 732 908 colla
745 850 859 930 premit.

216 985 228 1003 ιι
249 952 373 1011 Dextera
387 952 520 1011 bellatrix
533 950 680 1032 quondam
690 950 797 1011 lirrosa
811 974 863 1032 per
876 952 973 1012 orbem
987 997 995 1026 ,

257 1076 271 1101 ιι
289 1046 434 1129 Sanguine
447 1045 586 1127 frigente,
602 1048 661 1126 jam
675 1045 865 1106 tremebundo
880 1031 966 1107 cadil.

217 1175 230 1195 ιι
250 1142 347 1201 Proles
362 1155 429 1201 nata
442 1142 513 1200 mihi
527 1143 638 1223 superis
651 1141 786 1228 abscessit
800 1142 837 1200 ab
850 1141 925 1216 oris,
959 1133 960 1136 ¹

258 1265 272 1290 ιι
290 1235 400 1296 Ordine
413 1235 511 1295 functa
523 1256 574 1294 suo
586 1233 645 1293 lreu
659 1233 799 1294 tumulata
813 1234 908 1313 jacet,

215 1363 229 1384 «
248 1331 305 1391 Sed
318 1353 432 1411 quoque
448 1353 511 1411 quae
527 1331 621 1411 potior
628 1329 811 1411 Dominoque
823 1330 982 1410 placentior
991 1331 1061 1390 olim

260 1455 274 1480 ιι
290 1426 360 1486 Visa
374 1424 448 1500 luit,
465 1446 578 1507 semper
593 1437 635 1484 est
654 1424 726 1483 milri
741 1445 820 1485 cessa
833 1425 926 1485 modo.

216 1551 229 1573 ιι
247 1521 308 1580 Nee
321 1542 370 1580 vos
385 1520 510 1580 deseruit
523 1519 670 1591 Christus,
685 1521 755 1600 quin
769 1521 898 1602 germine
911 1533 1008 1580 nostro

261 1647 275 1671 ιι
291 1616 438 1689 Servaret,
454 1617 577 1688 Franci,
592 1638 671 1675 nunc
689 1616 813 1676 sobolem
829 1616 977 1697 placitam,

217 1743 230 1767 ιι
250 1712 305 1771 llla
320 1714 391 1772 meis
405 1734 517 1793 semper
530 1711 675 1771 delectans
691 1711 791 1771 inclita
804 1714 889 1792 jussis

258 1839 273 1862 ιι
289 1810 406 1883 Paruit,
422 1822 507 1889 atque
520 1829 618 1867 meum
632 1805 725 1866 edidit
739 1809 902 1888 imperium.

249 1905 369 1986 Semper
382 1926 479 1964 amore
490 1905 545 1964 Dei
558 1903 746 1964 ecclesiarum
759 1904 824 1981 jura
839 1906 977 1977 novavit,

259 2029 272 2052 ιι
292 1999 407 2059 Credita
421 2020 508 2081 regna
522 1998 577 2057 sibi
591 1998 712 2057 contulit
725 1999 755 2056 in
768 1996 896 2082 melius..

217 2127 230 2146 ιι
251 2094 373 2153 Vidistis
387 2117 450 2174 quae
462 2094 536 2153 dona
551 2092 620 2152 olim
632 2092 801 2151 Maurorum
817 2091 916 2152 sunere
927 2096 1022 2167 misit,

262 2219 276 2242 ιι
293 2189 423 2270 Regem,
439 2209 518 2246 arma
532 2200 561 2245 et
574 2189 705 2258 vinctos,
720 2207 825 2267 magna
841 2185 959 2267 trophea
974 2190 1068 2248 simul.

219 2315 231 2336 ιι
250 2285 311 2343 Vos
325 2284 397 2343 milri
409 2282 563 2342 concilium
576 2281 634 2340 fido
646 2281 682 2339 de
698 2293 831 2361 pectore,
847 2280 966 2355 Franci,

261 2409 275 2432 ιι
293 2380 405 2447 Dicitc;
425 2400 476 2436 nos
495 2390 626 2456 prompte
640 2398 706 2434 mox
722 2397 890 2458 peragamus
903 2376 989 2437 idem.
1004 2407 1016 2429 ιι

217 2476 302 2534 Tune
312 2476 484 2534 llnrrtauuus
496 2486 559 2532 erat
569 2472 671 2530 Karoli
685 2472 807 2532 dilectus
821 2494 936 2544 amore,

261 2571 439 2651 Ingenioque
454 2591 540 2650 sagax
553 2581 582 2626 et
592 2569 721 2627 bonitate
734 2568 851 2648 vigens,

218 2666 277 2724 llic
296 2666 373 2725 cadit
390 2677 456 2723 ante
477 2664 580 2744 pedes,
601 2665 720 2744 vestigia
736 2665 827 2722 basiat
846 2664 944 2735 alma,

260 2761 368 2820 Doctus
384 2760 510 2820 consiliis
526 2760 628 2840 incipit
645 2760 696 2817 ista
712 2760 790 2838 prior
808 2783 815 2815 ε
872 2759 874 2762 ’

221 2888 233 2907 ιι
253 2855 280 2913 0
295 2855 388 2914 Caesar
402 2857 508 2914 famose
522 2855 606 2934 polo,
617 2855 908 2934 terraquemarique,

265 2981 278 3003 ιι
297 2951 436 3011 Caesarem
451 2952 501 3031 qui
514 2949 565 3008 das
576 2971 681 3008 nomen
694 2948 800 3009 babere
811 2951 886 3020 tuis,

221 3079 233 3098 ιι
253 3047 369 3106 Addere
381 3047 507 3105 consiliis
521 3045 565 3104 nil
579 3058 709 3104 nostrum
723 3057 766 3105 est
778 3065 877 3125 posse,
896 3066 950 3104 nec
973 3047 1024 3106 ulli

264 3171 277 3195 ιι
297 3141 413 3200 Mortali
428 3144 522 3221 potius
538 3140 666 3199 Christus
681 3139 786 3199 habere
804 3139 893 3203 dedit.

222 3267 234 3290 ιι
255 3238 327 3312 Quae
341 3239 394 3295 tibi
408 3236 493 3297 corde
505 3237 583 3296 Deus
595 3238 744 3296 miseratus
753 3237 894 3306 contulit,
905 3235 1013 3304 hortor,

267 3361 280 3384 ιι
296 3331 474 3404 Quantocius
487 3351 592 3410 parens
606 3332 701 3389 omnia
719 3331 859 3410 perficias.

222 3459 235 3479 ιι
256 3427 350 3485 Filius
361 3427 436 3484 alme
451 3426 502 3485 tibi
517 3425 668 3506 predulcis
681 3427 808 3486 moribus
822 3440 915 3497 extat,

266 3553 279 3576 ιι
298 3523 352 3580 Pro
366 3524 474 3582 meritis
493 3524 543 3602 qui
557 3523 620 3601 quit
634 3543 722 3603 regna
738 3535 837 3581 tenere
849 3534 905 3580 tua.

224 3649 236 3669 ιι
254 3617 344 3675 Hunc
359 3618 482 3695 petimus
497 3617 610 3688 cuncti,
626 3617 775 3696 majorque
792 3616 945 3696 minorque
959 3617 1106 3698 popellos,

266 3741 279 3764 ιι
299 3710 386 3769 llunc
402 3711 473 3790 petit
487 3709 633 3783 Ecclesia,
651 3709 780 3769 Christus
795 3723 823 3768 et
842 3712 903 3791 ipse
919 3710 1002 3771 lavet.

227 3838 238 3860 ιι
256 3807 315 3865 Ηίο
326 3806 403 3864 valet
415 3807 527 3884 imperii
543 3819 605 3885 post
619 3807 711 3864 tristia
724 3804 824 3864 lunera
838 3809 925 3864 vestri

267 3936 284 3959 ιι
300 3906 368 3965 lura
380 3919 477 3966 tenere
490 3907 591 3977 armis,
610 3905 799 3986 ingenioque,
816 3904 880 3964 fide.
897 3931 909 3955 a

226 4003 334 4059 Annuit
349 4012 378 4056 at
389 3998 483 4057 Caesar
496 4000 591 4070 latus,
609 3998 811 4079 Christumque
827 4013 971 4080 precatur,

266 4095 357 4152 Mittit
371 4094 446 4152 etad
459 4093 585 4152 sobolem
596 4115 663 4151 mox
673 4093 846 4153 celebrando
859 4116 950 4154 suam.

225 4194 367 4271 Tempore
385 4211 508 4269 namque
523 4189 573 4248 illo
587 4188 743 4250 llludowic
761 4190 852 4248 bonus
868 4191 1095 4270 Aquitanorum,

268 4287 308 4346 Ut
320 4308 407 4367 snpra
422 4288 529 4359 cecini,
545 4306 631 4366 regna
643 4285 758 4346 tenebat
768 4307 867 4346 ovans.

376 4406 400 4452 ¹·
1123 4410 1152 4479 s

1203 457 1279 532 nevi]
