3000 5272
212 400 270 461 160
643 395 837 458 ninom&

210 528 283 616 dit,
303 528 393 600 etin
413 528 684 627 oppugnatione
709 529 881 616 civitatis,
901 528 983 626 quia
1005 525 1155 599 difficilis
1181 542 1279 618 erat,

213 661 332 719 totum
349 644 491 720 hiberni
509 647 681 746 temporis
697 646 852 746 spatium
863 644 976 719 multa
990 645 1176 721 moliendo
1194 672 1281 720 con-

212 780 377 863 sumpsit.

614 973 875 1048 DCCLXXIV.

263 1130 359 1204 Dum
384 1130 460 1205 haec
487 1132 523 1204 in
550 1132 649 1204 ltalia
674 1146 864 1232 geruntur,
891 1132 1048 1206 Saxones
1072 1130 1173 1205 velut
1195 1155 1281 1230 per-

213 1265 456 1350 opportunam
469 1247 514 1322 de
531 1246 688 1323 absentia
705 1249 798 1349 regis
820 1249 914 1322 nacti
933 1249 1179 1341 occasionem,
1199 1273 1282 1324 con·

214 1366 332 1468 tiguos
346 1363 413 1438 sibi
429 1367 621 1440 Hassorum
641 1367 815 1440 terminos
832 1365 932 1440 ferro
953 1381 989 1441 et
1007 1367 1088 1465 igne
1106 1365 1281 1465 populan-

215 1499 288 1556 tur.
307 1484 470 1585 Cumque
487 1485 525 1556 in
543 1509 586 1557 eo
603 1484 685 1557 loco
699 1484 761 1584 qui
779 1509 878 1555 nunc
895 1482 1072 1556 Frideslar
1087 1481 1135 1554 ab
1154 1481 1281 1556 incolis

214 1599 438 1688 nominatur,
455 1597 636 1672 basilicam
652 1628 670 1671 a
685 1597 791 1673 beato
807 1598 992 1672 Bonifatio
1011 1615 1175 1698 martyre
1189 1596 1282 1672 dedi·

213 1733 328 1789 catam
351 1716 541 1791 incendere
563 1716 794 1807 molirentur,
815 1731 922 1816 atque
939 1715 1008 1790 hoc
1031 1715 1169 1790 efficere
1185 1730 1282 1788 casso

214 1832 338 1909 labore
357 1849 590 1925 conarentur,
610 1837 770 1908 immisso
788 1835 856 1909 sibi
874 1833 1048 1906 divinitus
1068 1858 1204 1932 pavore
1219 1859 1282 1906 su-

214 1950 382 2044 bitaneo,
399 1953 497 2052 turpi
511 1953 751 2052 trepidatione
765 1951 928 2041 confusi,
946 1952 1096 2025 domum
1108 1948 1282 2051 fugiendo

216 2084 460 2144 revertuntur.
477 2070 623 2168 Atrea,
639 2069 786 2144 dimisso
805 2069 849 2143 ad
866 2067 1092 2144 obsidionem
1105 2082 1215 2168 atquc
1226 2092 1283 2143 ex·

215 2187 476 2287 pugnationem
495 2187 621 2260 Ticeni
648 2187 826 2274 exercitu,
849 2187 977 2261 orandi
997 2185 1109 2286 gratia
1129 2186 1283 2260 Romam

213 2302 469 2402 proficiscitur.¹
488 2303 540 2376 Et
558 2329 661 2390 cum,
680 2304 833 2402 peractis
850 2304 962 2392 rotis,
984 2301 1128 2376 indeed
1146 2301 1285 2376 exerci-

217 2439 295 2494 tum
316 2420 441 2496 fuisset
460 2446 623 2496 reversus
648 2422 723 2518 (1),
755 2420 938 2521 fatigatam
961 2419 1068 2520 longa
1093 2415 1284 2493 obsidione

214 2538 396 2613 civitatem
408 2538 452 2611 ad
466 2537 686 2613 deditionem
700 2537 897 2637 compulit3
912 2561 1022 2637 quam
1036 2548 1179 2608 caeterae
1192 2534 1284 2607 civi-

216 2670 304 2729 tates
319 2671 468 2748 secuta,
486 2682 612 2730 omnes
630 2683 665 2731 se
681 2657 774 2757 regis
791 2657 1013 2728 Francorum
1037 2658 1207 2752 potestati
1224 2652 1282 2751 (a)

215 2770 465 2846 subdiderunt.
485 2774 534 2844 Et
547 2800 627 2860 rex,
645 2772 788 2845 subacta
805 2787 841 2845 et
858 2796 926 2870 pro
941 2785 1103 2870 tempore
1116 2767 1285 2843 ordinati

216 2887 314 2960 ltalia
325 2942 336 2977 ,
361 2886 399 2960 in
417 2890 606 2962 Franciam
626 2891 835 2979 revertitur,
855 2889 1035 2987 captivum
1053 2887 1188 2960 ducens
1207 2886 1284 2961 De-

216 3002 386 3077 siderium
411 3031 542 3104 regem.
568 3006 661 3077 Nam
686 3005 869 3105 Adalgisns
896 3005 991 3078 filius
1018 3007 1112 3104 ejus,
1142 3004 1182 3078 in
1210 3028 1284 3105 quo

217 3119 441 3222 Langobardi
467 3122 626 3195 multum
648 3123 721 3223 spei
748 3122 880 3197 habere
902 3122 1131 3212 ridebantur,
1160 3122 1284 3224 despe-

216 3239 302 3309 ratis
325 3238 452 3337 patriae
469 3236 597 3331 rebus,-
615 3238 740 3312 relicta
754 3240 854 3312 ltalia
873 3240 910 3311 in
930 3239 1108 3312 Graeciam
1124 3235 1170 3311 ad
1191 3236 1284 3311 Con

217 3355 417 3427 stantinum
433 3356 687 3456 imperatorem
700 3383 736 3431 se
748 3357 919 3447 contulit,
936 3354 1058 3456 ibique
1072 3357 1110 3429 in
1123 3355 1284 3456 patricie·

219 3480 276 3542 tus
288 3469 417 3545 ordine
430 3471 687 3573 atquehonore
700 3474 902 3548 consenuit.
915 3474 992 3546 Rex
1004 3486 1125 3546 autem
1133 3470 1282 3545 domum

217 3604 413 3688 regressus,
431 3591 642 3690 priusquam
658 3617 741 3665 eum
758 3591 914 3665 Saxones
929 3589 1066 3662 venisse
1086 3588 1281 3680 sentirent,

219 3705 442 3804 tripartitum
463 3708 500 3778 in
526 3733 653 3781 eorum
670 3709 833 3807 regiones
856 3708 954 3780 misit
978 3705 1195 3794 exercitum,
1222 3704 1281 3806 qui

252 4010 291 4078 (r)
310 4008 379 4063 Cod.
399 4008 505 4062 Trevir.
524 4025 678 4077 regressus.

251 4099 290 4166 (a)
310 4098 349 4151 lta
366 4096 449 4152 habet
464 4097 495 4149 Ι).
514 4097 637 4168 Bouq.—
646 4096 742 4151 Perta·
760 4115 854 4151 omncs
870 4117 898 4150 sc
913 4100 986 4166 regis
1000 4115 1033 4149 uc
1048 4094 1221 4150 Francorum
1235 4111 1282 4163 po·

221 4192 321 4239 desinit.
