3000 5272
208 401 267 458 278
655 394 845 454 KAROLUS.

213 543 271 600 tus
283 542 336 601 est
345 525 518 598 Ardullus
532 527 587 623 (r)
601 525 771 598 diaconus
783 524 828 598 de
841 532 914 623 ipsa
928 526 1120 612 Brittania,
1135 525 1273 598 ustione

211 645 322 729 SnxO,
343 657 475 716 etcum
493 667 536 714 eo
553 640 597 713 ab
612 642 829 739 imperatore
849 642 904 739 (a)
923 642 1021 714 missi
1042 639 1191 715 abbates
1208 640 1275 715 duo

212 755 422 833 Hrotlridus
447 757 504 855 (3)
530 757 692 830 notarius
721 773 758 830 et
782 757 1006 831 Nantharius
1027 759 1085 859 (4)
1106 755 1218 831 abbas
1235 756 1276 831 de

215 879 348 950 Sancto
364 875 569 948 Audemaro
589 875 657 972 (5).
683 878 883 974 lmperntor
903 902 991 950 vero
1010 875 1197 951 aedificatis
1219 902 1278 977 per

215 992 349 1091 legatos
375 1016 458 1065 suos
485 1017 591 1089 super
617 989 740 1062 Albim
766 990 917 1064 lluvium
940 990 1085 1067 duobus¹
1109 991 1277 1078 castellis,

217 1108 458 1209 praeeidimme
476 1109 581 1180 ineis
599 1125 725 1182 contra
743 1109 951 1182 Sclavorum
970 1109 1199 1184 incursiones
1212 1108 1280 1181 dis-

216 1227 357 1326 posito,
381 1226 596 1326 Aquisgreni
621 1226 810 1311 hiemavit,
831 1227 1070 1327 Natalemque
1085 1225 1234 1301 Domini
1248 1240 1280 1299 et

218 1357 381 1414 sanctum
399 1340 527 1414 Pascha
550 1340 683 1416 ibidem
701 1341 906 1415 celebravit.

657 1897 842 1969 dccclx.

270 2061 396 2131 Classis
414 2060 459 2131 de
475 2058 792 2155 Constantinopoli
810 2064 914 2129 missa
935 2059 1055 2156 primo
1077 2057 1280 2130 Dalmatiam

221 2175 352 2250 deinde
369 2175 556 2250 Venetiam
574 2174 715 2274 appulit
722 2203 732 2261 3
752 2199 907 2274 oramque
926 2171 976 2247 ibi
995 2173 1190 2263 hiemaret,
1211 2198 1284 2273 pan

222 2296 298 2393 ejus
314 2290 537 2366 Comiaclum
559 2291 708 2364 insulam
726 2290 891 2378 accessit,
910 2290 1179 2391 commissoque
1193 2314 1284 2391 pre·

222 2409 273 2483 lio
286 2425 413 2483 contra
426 2407 631 2508 praesidium
644 2406 742 2507 quod
755 2406 792 2478 in
806 2431 845 2478 ea
858 2406 1074 2506 dispositum
1088 2419 1186 2492 erat,
1200 2405 1284 2476 victa

223 2543 330 2626 atque
347 2526 465 2624 fugata
486 2524 672 2597 Venetiam
690 2523 848 2596 recessit.
872 2524 955 2595 ltux
972 2537 1093 2596 autem
1110 2520 1176 2622 qni
1193 2519 1284 2593 classi

223 2658 397 2739 praeerat,
418 2640 567 2714 nomine
582 2638 731 2726 Paulus,
750 2665 833 2710 cum
849 2636 895 2711 de
914 2664 1001 2737 pace
1021 2639 1122 2712 inter
1136 2638 1285 2710 Franoos

226 2773 263 2830 et
280 2757 426 2831 Graecos
445 2754 717 2843 constituenda,
738 2757 837 2856 quasi
856 2754 925 2828 sibi
944 2754 1015 2833 hoc
1029 2772 1123 2829 oeset
1147 2756 1285 2855 injnuo-

226 2891 322 2959 tum,
341 2874 434 2972 apud
459 2875 652 2973 Pippinum
678 2873 790 2946 ltaliae
814 2899 934 2973 regem
958 2899 1062 2973 agere
1083 2873 1284 2961 moliretur,

225 2988 383 3064 Willero
401 2991 455 3088 (6)
473 3006 508 3062 et
525 2994 634 3064 Beato
647 2992 808 3066 venetia
824 2989 976 3065 ducibus
998 3016 1127 3066 omnes
1144 2989 1285 3066 incloa-

225 3121 284 3179 tus
300 3108 377 3206 ejus
400 3103 701 3204 impedientibus,
726 3124 834 3206 atque
856 3108 923 3206 ipsi
941 3106 1050 3180 etiam
1068 3106 1215 3181 insidias
1229 3132 1284 3206 ps-

261 3446 299 3514 (ι)
318 3443 372 3498 ΛΗ.
385 3444 539 3516 Aldulsns,
553 3443 712 3517 Addulsus.
727 3443 849 3499 Nuenar.
865 3460 975 3499 nomes:
991 3441 1152 3517 Adotptas.

261 3556 301 3621 (a)
319 3551 410 3606 Codd.
423 3551 605 3607 Vindobona.
619 3549 685 3618 uta,
704 3569 752 3606 no
764 3561 855 3625 et990
869 3575 875 3604 z
891 3550 933 3606 ad
941 3553 1149 3621 imperatorem.
1159 3548 1285 3607 tubitet

225 3640 250 3695 N
253 3658 315 3694 nen.
326 3657 425 3694 comes.

260 3745 299 3819 (5)
317 3747 371 3804 All.
398 3745 577 3819 linotfridus,
607 3745 787 3819 Hortfridas‚
811 3746 974 3819 liutfridus,
1000 3746 1166 3820 liutfridum,
1188 3745 1284 3803 linat-

217 3838 329 3911 fridus.

260 3952 300 4015 (l)
319 3947 362 4002 ΑΙ.
378 3946 546 4001 Namarini.
562 3944 632 4000 Cod.
648 3945 755 3999 Trevir.
769 3945 940 4000 Mamurius.
954 3943 1025 3999 Cod.
1042 3942 1207 4001 Vindobou.
1221 3962 1270 4019 90⁰

226 4037 419 4092 Mancharinr.
1239 4003 1247 4017 ’

262 4145 302 4214 (5)
319 4145 388 4199 Cod.
406 4145 512 4198 Trevir.
529 4143 563 4196 dc
576 4145 603 4195 S.
623 4142 745 4196 ozanam.
756 4142 846 4196 Nueu.
861 4159 972 4197 comes:
993 4139 1137 4197 Otdmnro.

263 4253 300 4322 (6)
320 4254 416 4307 Prrtz:
438 4253 606 4307 ll'illmrmo.
622 4251 712 4306 Nuon.
728 4268 820 4307 comes
836 4274 841 4304 :
862 4249 1006 4305 Willtmm.

1045 4918 1323 5240 ἡ
