3000 5272
648 401 836 463 1111111115.

644 580 845 659 DCCLVH.

259 743 520 822 Constantinus
546 744 743 844 imperator
768 743 866 815 misit
882 743 1040 843 Pippino
1061 743 1139 843 regi
1165 741 1276 818 multa

209 889 380 951 munera,
402 862 498 934 inter
518 886 600 961 quae
625 876 661 935 et
683 862 911 962 organum(
919 861 954 959 );
975 884 1057 960 quae
1079 857 1225 934 adeum
1242 860 1277 934 iu

212 977 438 1113 Compendio
461 976 544 1049 villa
572 993 836 1077 pervenerunt,
864 975 928 1050 ubi
958 993 1045 1051 tunc
1071 975 1202 1080 populi
1226 975 1276 1049 sui

211 1058 413 1234 generalem
430 1110 651 1168 conventum
663 1094 801 1167 habuit.
822 1096 912 1168 llluc
926 1111 963 1170 et
977 1095 1114 1168 Tassilo
1128 1093 1203 1169 dux
1216 1095 1279 1168 Ba·

205 1213 409 1314 joariorum
425 1237 509 1283 cum
526 1211 749 1310 primoribus
766 1212 882 1311 gentis
899 1239 972 1284 snae
989 1213 1111 1302 venit,
1126 1227 1165 1286 et
1181 1236 1279 1286 more

210 1330 372 1404 francico
394 1330 448 1428 (a)
476 1330 514 1401 in
536 1355 663 1401 manus
695 1329 787 1428 regis
817 1330 855 1400 in
880 1328 1090 1400 vassaticum
1115 1325 1279 1401 manibus

213 1450 286 1522 suis
313 1447 544 1547 semetipsum
573 1446 860 1536 commendavit,
896 1447 1179 1546 fidelitatemque
1211 1461 1280 1519 111111

214 1566 281 1667 ipsi
308 1566 384 1667 regi
408 1564 564 1664 Pippino
590 1591 699 1664 quam
726 1562 809 1637 filiis
836 1566 910 1662 ejus
931 1563 1067 1638 Karolo
1089 1578 1127 1637 et
1153 1562 1281 1636 Karlo-

212 1708 348 1758 manno
355 1679 592 1782 jurejurando
608 1707 714 1780 supra
732 1705 864 1780 corpus
880 1680 993 1752 sancti
1009 1678 1178 1782 Dionysii
1195 1703 1283 1779 pro-

213 1799 314 1872 misit
324 1826 337 1888 ς
360 1812 396 1871 et
413 1798 467 1896 (3)
495 1821 573 1871 nou
591 1796 709 1870 solum
723 1793 796 1886 ibi,
817 1794 878 1870 sed
901 1797 1009 1871 etiam
1025 1821 1133 1896 super
1152 1821 1286 1897 corpus

216 1915 328 1990 sancti
350 1914 499 1988 Martini
522 1929 559 1987 et
584 1914 698 1986 sancti
718 1913 888 1988 Germani
907 1913 1016 1986 simili
1039 1927 1284 2023 sacramento,

218 2032 327 2108 fidem
346 2059 383 2107 se
407 2031 590 2132 praedictis
609 2031 766 2105 dominis
784 2033 858 2104 suis
874 2030 999 2106 diebus
1017 2032 1103 2104 vitae
1121 2057 1197 2106 suoe
1210 2057 1287 2107 ser·

220 2167 410 2243 saturum,
430 2168 483 2224 est
497 2150 694 2250 pollicitus.
716 2151 891 2225 Similiter
911 2167 947 2225 et
965 2177 1091 2226 omnes
1109 2150 1287 2251 primores

219 2296 260 2342 ac
280 2271 433 2368 majores
455 2284 544 2342 natu
560 2269 712 2368 Bajoarii
723 2327 734 2362 ‚
749 2271 811 2370 qui
832 2297 916 2342 oum
939 2297 981 2345 eo
1001 2270 1039 2343 in
1056 2269 1288 2369 praesentiam

218 2387 310 2489 regis
320 2401 577 2487 pervenerant,
586 2385 696 2460 fidem
709 2413 745 2460 se
753 2388 828 2487 regi
843 2401 879 2459 et
888 2385 971 2459 filiis
982 2389 1056 2486 ejus
1069 2402 1288 2475 servaturos,

220 2504 257 2578 in
276 2502 460 2605 praedictis
477 2501 742 2579 venerabilibus
755 2503 843 2577 locis
856 2503 1120 2603 promiserunt.

643 2696 862 2774 DCCLVIII.

269 2855 444 2957 Pippinus
477 2881 541 2928 rex
575 2881 659 2927 cum
690 2857 849 2928 exercitu
882 2855 1073 2928 Saxoniam
1108 2878 1290 2956 aggressus

223 2989 276 3048 est
288 2973 360 3073 (l);
376 2988 413 3046 et
423 2971 586 3072 quamvis
602 2971 802 3046 saxonibus
815 2971 1028 3047 validissime
1040 2971 1291 3049 resistentibus

223 3107 260 3165 et
275 3090 498 3163 munitiones
523 3115 602 3160 suas
629 3089 833 3181 tuentibus,
853 3091 964 3189 pulsis
992 3088 1122 3190 proelio
1151 3113 1290 3191 propu-

223 3205 458 3309 gnatoribus,
478 3232 543 3306 per
561 3207 699 3305 ipsum,
715 3233 790 3311 quo
807 3209 961 3308 patriam
974 3206 1168 3283 defendere
1184 3232 1289 3283 oona·

223 3324 375 3415 bantur,
387 3323 521 3395 vallum
536 3325 697 3396 intravit.
710 3325 986 3426 Commissisque
997 3323 1127 3425 passim
1138 3321 1288 3425 proeliia,

222 3441 417 3545 plurimam
429 3468 471 3514 ex
486 3441 569 3539 ipsis
585 3440 857 3516 multitudinem
871 3439 1004 3515 occidit
1017 3440 1088 3541 (5),
1102 3439 1291 3543 coegitque

259 3737 269 3804 (
275 3737 300 3805 1)
319 3733 353 3787 l).
368 3733 457 3805 Bouq.
471 3751 588 3804 organa.

258 3825 297 3896 (a)
314 3821 384 3879 Cod.
399 3823 594 3876 Haunoveran.
607 3842 682 3878 more
695 3825 881 3887 Francorum,

257 3913 296 3986 (3)
315 3914 349 3968 D.
363 3913 451 3987 Bouq.
465 3911 562 3968 sed...
574 3932 682 3968 verum.

258 4006 297 4075 (l)
314 4002 385 4059 Cod.
401 4003 594 4058 Hannoveran.
608 4005 752 4077 ingressus
764 4014 814 4057 est.

260 4090 298 4162 (5)
317 4092 359 4146 Ita
370 4091 466 4233 Peg‘ta,
479 4108 545 4146 oum
558 4089 620 4146 ood.
632 4091 795 4149 Vindobon.
805 4089 867 4158 654.
877 4091 912 4147 D.
923 4092 1010 4165 bouq.
1018 4107 1084 4147 cum
1093 4088 1290 4149 wunsam

225 4191 253 4234 et
267 4179 332 4236 edit.
350 4182 408 4234 ceci
434 4182 457 4234 ’1.
