3000 5272
386 392 446 455 354
770 389 1053 451 HLUDOWICUS.

385 550 404 595 a
426 547 501 621 quo
520 535 684 619 receptus
706 535 779 607 cst,
802 547 868 619 per
889 519 1014 594 dolum
1036 520 1251 610 interfecto,
1272 519 1446 597 civitaten

385 641 461 737 ejus
478 637 516 709 in
530 662 631 709 suam
645 635 784 736 redegit
796 634 987 711 ditionem.
1003 637 1119 709 Missis
1134 652 1257 711 tamen
1268 636 1317 713 ad
1328 640 1449 713 exoni-

387 772 467 828 tum
477 755 703 854 imperatoris
713 754 835 855 legatis
845 756 931 842 suis,
947 752 991 826 ad
1001 757 1076 852 ejus
1084 756 1449 854 praesentiamaevelle

386 873 510 947 venire
522 871 703 970 promisit.
718 871 874 944 Saxones
888 872 1024 944 interea
1033 873 1134 970 jussu
1146 872 1380 973 imperatoris
1390 901 1452 949 ω·

387 991 515 1064 tellum
534 988 716 1090 quoddam
741 1005 840 1061 trans
862 987 1007 1075 Albim,
1031 990 1069 1061 in
1093 989 1176 1064 loco
1196 991 1256 1063 cui
1278 990 1452 1068 Delbende

387 1132 546 1193 nomen,
575 1105 774 1193 aedificant,
794 1105 950 1204 depulsis
975 1132 1019 1178 ex
1042 1131 1086 1180 eo
1111 1106 1266 1197 Sclavis,
1286 1110 1355 1210 qni
1376 1108 1452 1181 illud

387 1227 488 1326 prius
502 1238 782 1322 occupaverant,
797 1223 1080 1324 praesidiumque
1093 1224 1282 1299 Saxonum
1295 1227 1336 1301 in
1348 1252 1391 1301 eo
1401 1251 1453 1326 pn·

388 1343 499 1416 situm
511 1356 639 1416 contra
654 1340 877 1413 incursiones
891 1340 1052 1416 illorum.
1068 1342 1227 1415 Comites
1240 1369 1375 1417 marcar
1385 1344 1453 1416 llis·

387 1461 526 1560 panicae
550 1473 649 1530 trans
674 1458 829 1531 Sicorim
855 1457 1008 1530 lluvium
1032 1458 1070 1531 in
1093 1460 1263 1559 Hispania
1286 1460 1449 1560 profecti,

386 1575 531 1649 vastatis
554 1575 648 1675 agris
672 1589 708 1647 et
726 1573 880 1647 incensis
899 1571 1148 1674 compluribus
1167 1575 1288 1665 villis,
1308 1592 1348 1651 et
1364 1594 1451 1677 cuph

388 1718 466 1767 non
486 1691 627 1765 modica
648 1690 786 1789 praeda,
810 1690 960 1789 regressi
985 1706 1084 1765 sunt.
1109 1691 1226 1766 Simili
1248 1692 1364 1769 modo
1383 1710 1452 1794 post

389 1809 652 1912 aequinoctium
674 1808 880 1881 autumnale
900 1836 920 1881 a
940 1807 1134 1882 comitibus
1160 1836 1296 1887 marcoe
1320 1814 1453 1886 Britan-

389 1930 482 2003 nicae
500 1929 538 1999 in
556 1927 817 2026 possessionem
830 1925 1015 2026 cujusdam
1031 1928 1215 2016 Britonis,
1233 1931 1302 2030 qui
1319 1944 1397 2004 tum
1407 1956 1453 2004 re·

388 2046 493 2122 bellis
521 2045 707 2131 extiterat,
731 2046 880 2118 nomine
902 2043 1205 2136 Wihomarcbus,
1234 2048 1454 2149 expeditione

389 2163 504 2252 facta,
526 2178 563 2235 et
582 2161 705 2234 omnia
725 2160 826 2233 ferro
846 2175 884 2233 et
907 2160 989 2259 igne
1009 2176 1143 2233 vastata
1164 2178 1267 2237 sunt.

313 2265 316 2269 ⁸
440 2281 592 2353 Peracto
605 2296 790 2352 conventu
802 2278 865 2377 qui
879 2277 934 2375 (1)
948 2276 1120 2351 Attiniaci
1135 2277 1356 2371 habebatur,
1368 2280 1455 2357 dom·

392 2424 461 2471 nus
479 2398 676 2496 imperator
689 2396 842 2468 venandi
860 2395 972 2495 gratia
985 2395 1220 2471 Arduennam
1234 2400 1365 2498 petiit;
1382 2400 1455 2475 lllo

394 2512 554 2587 tharium
570 2537 657 2585 vero
675 2510 791 2584 lilium
808 2538 914 2583 suum
932 2511 969 2583 in
991 2512 1131 2586 ltaliam
1152 2514 1275 2604 misit,
1295 2542 1383 2591 cum
1395 2542 1456 2618 quo

393 2628 611 2706 Walachum
627 2628 868 2718 monachum,
887 2630 1137 2731 propinquum
1159 2657 1271 2705 suum
1281 2687 1294 2723 ,
1319 2633 1457 2711 fiam

395 2746 562 2820 videlicet
574 2743 766 2817 Adalhardi
780 2742 939 2836 abbatis,
954 2759 992 2817 et
1006 2743 1217 2846 Geruugum
1232 2750 1457 2826 ostiarium

395 2861 607 2960 magistrum
618 2885 689 2930 una
701 2857 907 2957 direxit(2),
921 2885 1082 2960 quorum
1093 2861 1250 2939 consilio
1264 2866 1358 2941 etin
1369 2864 1457 2941 reta

396 2976 528 3050 miliari
546 2991 582 3048 et
600 2976 638 3047 in
651 2975 805 3075 negotiis
819 2975 864 3048 ad
880 2976 982 3076 regni
996 2975 1185 3051 commoda
1200 2980 1458 3079 pertinentib·

397 3108 577 3168 uteretur,
587 3091 913 3190 Pippinumautem
925 3094 963 3165 in
971 3093 1203 3193 Aquitaniam
1215 3096 1273 3173 ire
1285 3099 1456 3200 praecepit,

400 3235 509 3309 quem
526 3222 646 3279 tamen
663 3206 762 3305 prius
780 3205 890 3279 filiam
902 3206 1340 3310 Theotberti(5)comitis
1350 3212 1458 3291 Mani

353 3375 365 3391 ,
402 3326 516 3399 censis
535 3325 572 3396 in
588 3323 795 3422 conjugium
809 3322 895 3398 fecit
910 3325 1085 3426 accipere,
1095 3341 1133 3400 et
1147 3342 1233 3427 post
1250 3332 1399 3431 nuptias
1410 3354 1458 3405 ω·

403 3442 556 3518 lebratas
573 3441 617 3514 ad
634 3440 797 3514 occiduas
809 3457 928 3541 partes
940 3443 998 3543 (4)
1011 3443 1205 3543 proficisci.
1222 3448 1304 3547 lpse
1316 3472 1457 3549 vetopt·

403 3558 1238 3646 ractaantumnalivenatione,transllrenumad
1246 3564 1456 3643 hiemandum

444 3888 482 3957 (ι)
499 3886 598 3938 Perta:
613 3881 697 3954 quod.

443 3988 483 4056 (a)
501 3984 534 4037 l).
548 3983 636 4055 Bnuq.
652 4000 716 4036 cum
727 3982 850 4036 Nuenar.
861 3999 931 4036 corn.
950 4002 1007 4038 una
1016 3986 1099 4038 misit.

446 4087 484 4159 (3)
503 4086 557 4143 All.
575 4087 909 4151 Tln'elberti,'1’eulberli.

447 4197 486 4260 (4)
506 4192 530 4244 l)
558 4191 643 4262 llouq.
657 4209 719 4242 curn
734 4188 824 4242 Nuen.
839 4207 910 4243 corn.
923 4188 1054 4244 occiduas
1063 4193 1200 4263 regiones.
