<?xml version="1.0" encoding="UTF-8"?>
<!DOCTYPE html PUBLIC "-//W3C//DTD XHTML 1.0 Transitional//EN"
    "http://www.w3.org/TR/xhtml1/DTD/xhtml1-transitional.dtd">
<html xmlns="http://www.w3.org/1999/xhtml" xml:lang="en" lang="en">
 <head>
  <title>
</title>
<meta http-equiv="Content-Type" content="text/html;charset=utf-8" />
  <meta name='ocr-system' content='tesseract 3.04.00' />
  <meta name='ocr-capabilities' content='ocr_page ocr_carea ocr_par ocr_line ocrx_word'/>
</head>
<body>
  <div class='ocr_page' id='page_1' title='image "./einhardiomniaqu01einhgoog_0323.png"; bbox 0 0 3000 5272; ppageno 0'>
   <div class='ocr_carea' id='block_1_1' title="bbox 212 378 884 442">
    <p class='ocr_par' dir='ltr' id='par_1_1' title="bbox 212 378 884 442">
     <span class='ocr_line' id='line_1_1' title="bbox 212 378 884 442; baseline -0.006 -1"><span class='ocrx_word' id='word_1_1' title='bbox 212 381 272 442; x_wconf 79' lang='lat' dir='ltr'>:tit</span> <span class='ocrx_word' id='word_1_2' title='bbox 601 378 884 440; x_wconf 87' lang='lat' dir='ltr'>HLUDOWICUS.</span> 
     </span>
    </p>
   </div>
   <div class='ocr_carea' id='block_1_2' title="bbox 140 507 1300 2602">
    <p class='ocr_par' dir='ltr' id='par_1_2' title="bbox 140 507 1300 2602">
     <span class='ocr_line' id='line_1_2' title="bbox 194 507 1287 612; baseline -0.002 -29"><span class='ocrx_word' id='word_1_3' title='bbox 194 513 309 612; x_wconf 24' lang='lat' dir='ltr'>&#39;pagis</span> <span class='ocrx_word' id='word_1_4' title='bbox 328 525 365 584; x_wconf 88' lang='lat' dir='ltr'>et</span> <span class='ocrx_word' id='word_1_5' title='bbox 381 511 532 608; x_wconf 85' lang='lat' dir='ltr'>acceptis</span> <span class='ocrx_word' id='word_1_6' title='bbox 549 509 780 608; x_wconf 85' lang='lat' dir='ltr'>popularium</span> <span class='ocrx_word' id='word_1_7' title='bbox 796 507 981 584; x_wconf 86' lang='lat' dir='ltr'>obsidibus</span> <span class='ocrx_word' id='word_1_8' title='bbox 998 533 1045 582; x_wconf 83' lang='lat' dir='ltr'>xt</span> <span class='ocrx_word' id='word_1_9' title='bbox 1061 509 1138 608; x_wconf 84' lang='lat' dir='ltr'>(t),</span> <span class='ocrx_word' id='word_1_10' title='bbox 1154 507 1201 583; x_wconf 89' lang='lat' dir='ltr'>ad</span> <span class='ocrx_word' id='word_1_11' title='bbox 1219 509 1287 581; x_wconf 91' lang='lat' dir='ltr'>im-</span> 
     </span>
     <span class='ocr_line' id='line_1_3' title="bbox 211 625 1288 728; baseline -0.006 -25"><span class='ocrx_word' id='word_1_12' title='bbox 211 643 416 728; x_wconf 86' lang='lat' dir='ltr'>peratorem</span> <span class='ocrx_word' id='word_1_13' title='bbox 435 627 473 699; x_wconf 92' lang='lat' dir='ltr'>in</span> <span class='ocrx_word' id='word_1_14' title='bbox 493 626 687 699; x_wconf 85' lang='lat' dir='ltr'>Saxoniam</span> <span class='ocrx_word' id='word_1_15' title='bbox 707 627 839 700; x_wconf 81' lang='lat' dir='ltr'>reversi</span> <span class='ocrx_word' id='word_1_16' title='bbox 858 640 956 699; x_wconf 88' lang='lat' dir='ltr'>sunt.</span> <span class='ocrx_word' id='word_1_17' title='bbox 977 628 1056 726; x_wconf 85' lang='lat' dir='ltr'>lpse</span> <span class='ocrx_word' id='word_1_18' title='bbox 1079 625 1181 700; x_wconf 89' lang='lat' dir='ltr'>enim</span> <span class='ocrx_word' id='word_1_19' title='bbox 1201 640 1288 699; x_wconf 87' lang='lat' dir='ltr'>tunc</span> 
     </span>
     <span class='ocr_line' id='line_1_4' title="bbox 213 742 1289 845; baseline 0.001 -28"><span class='ocrx_word' id='word_1_20' title='bbox 213 746 387 845; x_wconf 89' lang='lat' dir='ltr'>temporis</span> <span class='ocrx_word' id='word_1_21' title='bbox 414 747 453 816; x_wconf 94' lang='lat' dir='ltr'>in</span> <span class='ocrx_word' id='word_1_22' title='bbox 477 744 558 817; x_wconf 90' lang='lat' dir='ltr'>loco</span> <span class='ocrx_word' id='word_1_23' title='bbox 586 745 648 844; x_wconf 90' lang='lat' dir='ltr'>qui</span> <span class='ocrx_word' id='word_1_24' title='bbox 681 742 815 816; x_wconf 89' lang='lat' dir='ltr'>dicitur</span> <span class='ocrx_word' id='word_1_25' title='bbox 843 742 1053 818; x_wconf 86' lang='lat' dir='ltr'>Padrabrun</span> <span class='ocrx_word' id='word_1_26' title='bbox 1085 742 1289 845; x_wconf 74' lang='lat' dir='ltr'><strong>generalem</strong></span> 
     </span>
     <span class='ocr_line' id='line_1_5' title="bbox 212 859 1289 960; baseline -0.003 -25"><span class='ocrx_word' id='word_1_27' title='bbox 212 860 339 960; x_wconf 92' lang='lat' dir='ltr'>populi</span> <span class='ocrx_word' id='word_1_28' title='bbox 364 861 418 931; x_wconf 91' lang='lat' dir='ltr'>sui</span> <span class='ocrx_word' id='word_1_29' title='bbox 444 875 667 933; x_wconf 87' lang='lat' dir='ltr'>conventum</span> <span class='ocrx_word' id='word_1_30' title='bbox 697 859 864 934; x_wconf 86' lang='lat' dir='ltr'>habebat.</span> <span class='ocrx_word' id='word_1_31' title='bbox 894 859 949 932; x_wconf 89' lang='lat' dir='ltr'>lbi</span> <span class='ocrx_word' id='word_1_32' title='bbox 979 859 1137 935; x_wconf 90' lang='lat' dir='ltr'>adeum</span> <span class='ocrx_word' id='word_1_33' title='bbox 1166 885 1289 934; x_wconf 84' lang='lat' dir='ltr'>omnes</span> 
     </span>
     <span class='ocr_line' id='line_1_6' title="bbox 214 975 1288 1078; baseline -0.007 -26"><span class='ocrx_word' id='word_1_34' title='bbox 214 977 447 1052; x_wconf 88' lang='lat' dir='ltr'>orientalium</span> <span class='ocrx_word' id='word_1_35' title='bbox 472 975 682 1049; x_wconf 80' lang='lat' dir='ltr'>sclavorum</span> <span class='ocrx_word' id='word_1_36' title='bbox 704 979 882 1075; x_wconf 87' lang='lat' dir='ltr'>primores</span> <span class='ocrx_word' id='word_1_37' title='bbox 904 992 941 1050; x_wconf 92' lang='lat' dir='ltr'>et</span> <span class='ocrx_word' id='word_1_38' title='bbox 966 977 1072 1078; x_wconf 84' lang='lat' dir='ltr'>legati</span> <span class='ocrx_word' id='word_1_39' title='bbox 1094 990 1288 1051; x_wconf 85' lang='lat' dir='ltr'>venerunt.</span> 
     </span>
     <span class='ocr_line' id='line_1_7' title="bbox 214 1091 1290 1195; baseline -0.004 -28"><span class='ocrx_word' id='word_1_40' title='bbox 214 1094 284 1168; x_wconf 75' lang='lat' dir='ltr'>sod</span> <span class='ocrx_word' id='word_1_41' title='bbox 296 1109 490 1195; x_wconf 85' lang='lat' dir='ltr'><strong>antequam</strong></span> <span class='ocrx_word' id='word_1_42' title='bbox 503 1093 588 1165; x_wconf 92' lang='lat' dir='ltr'>illuc</span> <span class='ocrx_word' id='word_1_43' title='bbox 602 1094 743 1168; x_wconf 89' lang='lat' dir='ltr'>veniret</span> <span class='ocrx_word' id='word_1_44' title='bbox 757 1096 831 1192; x_wconf 86' lang='lat'>(2),</span> <span class='ocrx_word' id='word_1_45' title='bbox 845 1094 881 1167; x_wconf 92' lang='lat' dir='ltr'>id</span> <span class='ocrx_word' id='word_1_46' title='bbox 895 1109 949 1168; x_wconf 89' lang='lat' dir='ltr'>est</span> <span class='ocrx_word' id='word_1_47' title='bbox 962 1120 1046 1166; x_wconf 92' lang='lat' dir='ltr'>cum</span> <span class='ocrx_word' id='word_1_48' title='bbox 1060 1091 1181 1168; x_wconf 84' lang='lat' dir='ltr'>adhuc</span> <span class='ocrx_word' id='word_1_49' title='bbox 1192 1092 1290 1167; x_wconf 85' lang='lat' dir='ltr'>domi</span> 
     </span>
     <span class='ocr_line' id='line_1_8' title="bbox 215 1207 1290 1311; baseline -0.003 -27"><span class='ocrx_word' id='word_1_50' title='bbox 215 1224 305 1284; x_wconf 86' lang='lat' dir='ltr'>esset</span> <span class='ocrx_word' id='word_1_51' title='bbox 312 1261 324 1298; x_wconf 90' lang='lat'><strong><em>,</em></strong></span> <span class='ocrx_word' id='word_1_52' title='bbox 343 1208 492 1281; x_wconf 87' lang='lat' dir='ltr'>allatum</span> <span class='ocrx_word' id='word_1_53' title='bbox 507 1226 560 1284; x_wconf 87' lang='lat' dir='ltr'>est</span> <span class='ocrx_word' id='word_1_54' title='bbox 575 1212 607 1284; x_wconf 90' lang='lat' dir='ltr'>ei</span> <span class='ocrx_word' id='word_1_55' title='bbox 620 1208 795 1311; x_wconf 91' lang='lat' dir='ltr'>quosdam</span> <span class='ocrx_word' id='word_1_56' title='bbox 809 1209 855 1286; x_wconf 91' lang='lat' dir='ltr'>de</span> <span class='ocrx_word' id='word_1_57' title='bbox 869 1207 1092 1309; x_wconf 84' lang='lat' dir='ltr'>primoribus</span> <span class='ocrx_word' id='word_1_58' title='bbox 1107 1209 1290 1285; x_wconf 88' lang='lat' dir='ltr'>Romano·</span> 
     </span>
     <span class='ocr_line' id='line_1_9' title="bbox 140 1324 1294 1429; baseline 0 -29"><span class='ocrx_word' id='word_1_59' title='bbox 140 1330 145 1341; x_wconf 89' lang='lat'><em>&#39;</em></span> <span class='ocrx_word' id='word_1_60' title='bbox 215 1355 298 1401; x_wconf 91' lang='lat' dir='ltr'>rum</span> <span class='ocrx_word' id='word_1_61' title='bbox 324 1327 369 1400; x_wconf 89' lang='lat' dir='ltr'>ad</span> <span class='ocrx_word' id='word_1_62' title='bbox 395 1327 685 1402; x_wconf 84' lang='lat' dir='ltr'>interficiendum</span> <span class='ocrx_word' id='word_1_63' title='bbox 708 1330 866 1403; x_wconf 87' lang='lat' dir='ltr'>Leonem</span> <span class='ocrx_word' id='word_1_64' title='bbox 893 1355 1021 1429; x_wconf 90' lang='lat' dir='ltr'>papam</span> <span class='ocrx_word' id='word_1_65' title='bbox 1045 1327 1085 1401; x_wconf 89' lang='lat' dir='ltr'>in</span> <span class='ocrx_word' id='word_1_66' title='bbox 1106 1327 1184 1428; x_wconf 77' lang='lat' dir='ltr'>ipsa</span> <span class='ocrx_word' id='word_1_67' title='bbox 1203 1324 1294 1400; x_wconf 85' lang='lat' dir='ltr'>urbe</span> 
     </span>
     <span class='ocr_line' id='line_1_10' title="bbox 216 1441 1293 1546; baseline -0.004 -26"><span class='ocrx_word' id='word_1_68' title='bbox 216 1448 331 1522; x_wconf 87' lang='lat' dir='ltr'>Roma</span> <span class='ocrx_word' id='word_1_69' title='bbox 349 1447 589 1546; x_wconf 83' lang='lat' dir='ltr'>conspirasse,</span> <span class='ocrx_word' id='word_1_70' title='bbox 612 1474 652 1520; x_wconf 93' lang='lat' dir='ltr'>ac</span> <span class='ocrx_word' id='word_1_71' title='bbox 669 1446 819 1538; x_wconf 89' lang='lat' dir='ltr'>deinde,</span> <span class='ocrx_word' id='word_1_72' title='bbox 840 1473 924 1519; x_wconf 90' lang='lat' dir='ltr'>cum</span> <span class='ocrx_word' id='word_1_73' title='bbox 940 1444 1046 1546; x_wconf 90' lang='lat' dir='ltr'>hujus</span> <span class='ocrx_word' id='word_1_74' title='bbox 1058 1470 1179 1519; x_wconf 74' lang='lat' dir='ltr'>caurae</span> <span class='ocrx_word' id='word_1_75' title='bbox 1195 1441 1293 1517; x_wconf 89' lang='lat' dir='ltr'>indi·</span> 
     </span>
     <span class='ocr_line' id='line_1_11' title="bbox 218 1561 1294 1665; baseline 0.001 -29"><span class='ocrx_word' id='word_1_76' title='bbox 218 1565 316 1637; x_wconf 90' lang='lat' dir='ltr'>cium</span> <span class='ocrx_word' id='word_1_77' title='bbox 328 1564 372 1637; x_wconf 92' lang='lat' dir='ltr'>ad</span> <span class='ocrx_word' id='word_1_78' title='bbox 388 1565 599 1665; x_wconf 88' lang='lat' dir='ltr'>pontificem</span> <span class='ocrx_word' id='word_1_79' title='bbox 616 1579 706 1639; x_wconf 89' lang='lat' dir='ltr'>esset</span> <span class='ocrx_word' id='word_1_80' title='bbox 717 1563 896 1654; x_wconf 89' lang='lat' dir='ltr'>delatum,</span> <span class='ocrx_word' id='word_1_81' title='bbox 912 1589 1039 1639; x_wconf 79' lang='lat' dir='ltr'>omnes</span> <span class='ocrx_word' id='word_1_82' title='bbox 1054 1561 1155 1637; x_wconf 84' lang='lat' dir='ltr'>illius</span> <span class='ocrx_word' id='word_1_83' title='bbox 1166 1561 1294 1637; x_wconf 77' lang='lat' dir='ltr'>fectio-</span> 
     </span>
     <span class='ocr_line' id='line_1_12' title="bbox 219 1676 1295 1780; baseline -0.002 -27"><span class='ocrx_word' id='word_1_84' title='bbox 219 1681 275 1753; x_wconf 90' lang='lat' dir='ltr'>nis</span> <span class='ocrx_word' id='word_1_85' title='bbox 292 1696 456 1756; x_wconf 83' lang='lat' dir='ltr'>auctores</span> <span class='ocrx_word' id='word_1_86' title='bbox 475 1681 584 1780; x_wconf 90' lang='lat' dir='ltr'>ipsius</span> <span class='ocrx_word' id='word_1_87' title='bbox 598 1683 700 1780; x_wconf 89' lang='lat' dir='ltr'>jussu</span> <span class='ocrx_word' id='word_1_88' title='bbox 717 1679 825 1754; x_wconf 86' lang='lat' dir='ltr'>fuisse</span> <span class='ocrx_word' id='word_1_89' title='bbox 848 1678 1059 1753; x_wconf 86' lang='lat' dir='ltr'>trucidatos.</span> <span class='ocrx_word' id='word_1_90' title='bbox 1080 1676 1193 1772; x_wconf 85' lang='lat' dir='ltr'>Quod</span> <span class='ocrx_word' id='word_1_91' title='bbox 1211 1702 1295 1751; x_wconf 87' lang='lat' dir='ltr'>cum</span> 
     </span>
     <span class='ocr_line' id='line_1_13' title="bbox 218 1792 1294 1886; baseline -0.006 -15"><span class='ocrx_word' id='word_1_92' title='bbox 218 1798 368 1873; x_wconf 75' lang='lat' dir='ltr'>moleste</span> <span class='ocrx_word' id='word_1_93' title='bbox 386 1799 519 1886; x_wconf 80' lang='lat' dir='ltr'>ferret,</span> <span class='ocrx_word' id='word_1_94' title='bbox 541 1799 716 1872; x_wconf 89' lang='lat' dir='ltr'>ordinatis</span> <span class='ocrx_word' id='word_1_95' title='bbox 738 1813 826 1871; x_wconf 90' lang='lat' dir='ltr'>tunc</span> <span class='ocrx_word' id='word_1_96' title='bbox 843 1797 1054 1871; x_wconf 87' lang='lat' dir='ltr'>Sclavorum</span> <span class='ocrx_word' id='word_1_97' title='bbox 1070 1811 1108 1870; x_wconf 88' lang='lat' dir='ltr'>et</span> <span class='ocrx_word' id='word_1_98' title='bbox 1130 1792 1294 1869; x_wconf 84' lang='lat' dir='ltr'>Herioldi</span> 
     </span>
     <span class='ocr_line' id='line_1_14' title="bbox 219 1910 1296 2017; baseline -0.003 -29"><span class='ocrx_word' id='word_1_99' title='bbox 219 1915 348 2006; x_wconf 87' lang='lat' dir='ltr'>rebus,</span> <span class='ocrx_word' id='word_1_100' title='bbox 369 1919 518 2017; x_wconf 86' lang='lat' dir='ltr'>ipsoque</span> <span class='ocrx_word' id='word_1_101' title='bbox 544 1917 583 1989; x_wconf 94' lang='lat' dir='ltr'>in</span> <span class='ocrx_word' id='word_1_102' title='bbox 600 1917 755 1990; x_wconf 86' lang='lat' dir='ltr'>Saxonia</span> <span class='ocrx_word' id='word_1_103' title='bbox 771 1915 939 2004; x_wconf 90' lang='lat' dir='ltr'>dimisso,</span> <span class='ocrx_word' id='word_1_104' title='bbox 966 1940 1052 1987; x_wconf 92' lang='lat' dir='ltr'>cum</span> <span class='ocrx_word' id='word_1_105' title='bbox 1068 1910 1114 1987; x_wconf 90' lang='lat' dir='ltr'>ad</span> <span class='ocrx_word' id='word_1_106' title='bbox 1132 1913 1296 1993; x_wconf 81' lang='lat' dir='ltr'>Franco-</span> 
     </span>
     <span class='ocr_line' id='line_1_15' title="bbox 221 2028 1294 2132; baseline -0.004 -27"><span class='ocrx_word' id='word_1_107' title='bbox 221 2031 356 2107; x_wconf 85' lang='lat' dir='ltr'>nofurd</span> <span class='ocrx_word' id='word_1_108' title='bbox 374 2035 543 2132; x_wconf 85' lang='lat' dir='ltr'>palatium</span> <span class='ocrx_word' id='word_1_109' title='bbox 559 2034 731 2122; x_wconf 82' lang='lat' dir='ltr'>venisset,</span> <span class='ocrx_word' id='word_1_110' title='bbox 752 2032 1002 2108; x_wconf 89' lang='lat' dir='ltr'>Bernhardum</span> <span class='ocrx_word' id='word_1_111' title='bbox 1020 2056 1144 2131; x_wconf 81' lang='lat' dir='ltr'>regem</span> <span class='ocrx_word' id='word_1_112' title='bbox 1163 2028 1294 2116; x_wconf 80' lang='lat' dir='ltr'>ltaliae,</span> 
     </span>
     <span class='ocr_line' id='line_1_16' title="bbox 222 2145 1296 2250; baseline -0.005 -28"><span class='ocrx_word' id='word_1_113' title='bbox 222 2165 393 2249; x_wconf 90' lang='lat' dir='ltr'>nepotem</span> <span class='ocrx_word' id='word_1_114' title='bbox 410 2177 533 2237; x_wconf 91' lang='lat' dir='ltr'>suum,</span> <span class='ocrx_word' id='word_1_115' title='bbox 554 2151 616 2250; x_wconf 91' lang='lat' dir='ltr'>qui</span> <span class='ocrx_word' id='word_1_116' title='bbox 639 2152 766 2250; x_wconf 86' lang='lat' dir='ltr'>etipse</span> <span class='ocrx_word' id='word_1_117' title='bbox 787 2176 908 2223; x_wconf 90' lang='lat' dir='ltr'>secum</span> <span class='ocrx_word' id='word_1_118' title='bbox 929 2149 968 2222; x_wconf 94' lang='lat' dir='ltr'>in</span> <span class='ocrx_word' id='word_1_119' title='bbox 985 2147 1142 2221; x_wconf 84' lang='lat' dir='ltr'>Saxonia</span> <span class='ocrx_word' id='word_1_120' title='bbox 1158 2145 1296 2237; x_wconf 79' lang='lat' dir='ltr'>firmat,</span> 
     </span>
     <span class='ocr_line' id='line_1_17' title="bbox 221 2263 1298 2368; baseline -0.004 -29"><span class='ocrx_word' id='word_1_121' title='bbox 221 2265 265 2340; x_wconf 91' lang='lat' dir='ltr'>ad</span> <span class='ocrx_word' id='word_1_122' title='bbox 278 2265 568 2368; x_wconf 82' lang='lat' dir='ltr'>cognoscendum</span> <span class='ocrx_word' id='word_1_123' title='bbox 582 2266 681 2368; x_wconf 91' lang='lat' dir='ltr'>quod</span> <span class='ocrx_word' id='word_1_124' title='bbox 695 2265 936 2339; x_wconf 84' lang='lat' dir='ltr'>nunciabatur</span> <span class='ocrx_word' id='word_1_125' title='bbox 952 2267 1109 2339; x_wconf 87' lang='lat' dir='ltr'>Romam</span> <span class='ocrx_word' id='word_1_126' title='bbox 1120 2263 1251 2337; x_wconf 86' lang='lat' dir='ltr'>mittit.</span> <span class='ocrx_word' id='word_1_127' title='bbox 1266 2263 1298 2335; x_wconf 76' lang='lat' dir='ltr'>ts</span> 
     </span>
     <span class='ocr_line' id='line_1_18' title="bbox 222 2380 1299 2485; baseline -0.005 -29"><span class='ocrx_word' id='word_1_128' title='bbox 222 2409 306 2456; x_wconf 88' lang='lat' dir='ltr'>cum</span> <span class='ocrx_word' id='word_1_129' title='bbox 325 2385 479 2458; x_wconf 86' lang='lat' dir='ltr'>Romam</span> <span class='ocrx_word' id='word_1_130' title='bbox 495 2384 667 2474; x_wconf 83' lang='lat' dir='ltr'>venisset,</span> <span class='ocrx_word' id='word_1_131' title='bbox 695 2384 912 2485; x_wconf 84' lang='lat' dir='ltr'>aegritudine</span> <span class='ocrx_word' id='word_1_132' title='bbox 937 2380 1134 2473; x_wconf 86' lang='lat' dir='ltr'>decubuit,</span> <span class='ocrx_word' id='word_1_133' title='bbox 1160 2406 1219 2456; x_wconf 80' lang='lat' dir='ltr'>ree</span> <span class='ocrx_word' id='word_1_134' title='bbox 1243 2394 1299 2451; x_wconf 79' lang='lat' dir='ltr'>tr-</span> 
     </span>
     <span class='ocr_line' id='line_1_19' title="bbox 221 2495 1300 2602; baseline -0.006 -27"><span class='ocrx_word' id='word_1_135' title='bbox 221 2528 307 2575; x_wconf 90' lang='lat' dir='ltr'>mcn</span> <span class='ocrx_word' id='word_1_136' title='bbox 321 2528 410 2602; x_wconf 87' lang='lat' dir='ltr'>quas</span> <span class='ocrx_word' id='word_1_137' title='bbox 424 2518 650 2602; x_wconf 83' lang='lat' dir='ltr'>compererat</span> <span class='ocrx_word' id='word_1_138' title='bbox 664 2529 730 2602; x_wconf 86' lang='lat' dir='ltr'>per</span> <span class='ocrx_word' id='word_1_139' title='bbox 743 2500 945 2576; x_wconf 89' lang='lat' dir='ltr'>Geroldum</span> <span class='ocrx_word' id='word_1_140' title='bbox 962 2499 1155 2589; x_wconf 82' lang='lat' dir='ltr'>comitem,</span> <span class='ocrx_word' id='word_1_141' title='bbox 1174 2497 1241 2599; x_wconf 89' lang='lat' dir='ltr'>qui</span> <span class='ocrx_word' id='word_1_142' title='bbox 1256 2495 1300 2569; x_wconf 77' lang='lat' dir='ltr'>ad</span> 
     </span>
    </p>
   </div>
   <div class='ocr_carea' id='block_1_3' title="bbox 222 2611 1296 2721">
    <p class='ocr_par' dir='ltr' id='par_1_3' title="bbox 222 2611 1296 2721">
     <span class='ocr_line' id='line_1_20' title="bbox 222 2611 1296 2721; baseline -0.006 -31"><span class='ocrx_word' id='word_1_143' title='bbox 222 2617 292 2693; x_wconf 90' lang='lat' dir='ltr'>hoc</span> <span class='ocrx_word' id='word_1_144' title='bbox 321 2619 354 2692; x_wconf 86' lang='lat' dir='ltr'>ei</span> <span class='ocrx_word' id='word_1_145' title='bbox 383 2618 518 2721; x_wconf 83' lang='lat' dir='ltr'>legatus</span> <span class='ocrx_word' id='word_1_146' title='bbox 550 2618 668 2694; x_wconf 87' lang='lat' dir='ltr'>fuerat</span> <span class='ocrx_word' id='word_1_147' title='bbox 697 2618 823 2707; x_wconf 87' lang='lat' dir='ltr'>datus,</span> <span class='ocrx_word' id='word_1_148' title='bbox 857 2616 1068 2717; x_wconf 87' lang='lat' dir='ltr'>imperatori</span> <span class='ocrx_word' id='word_1_149' title='bbox 1097 2611 1296 2688; x_wconf 78' lang='lat' dir='ltr'>mandarit.</span> 
     </span>
    </p>
   </div>
   <div class='ocr_carea' id='block_1_4' title="bbox 225 2728 1303 3772">
    <p class='ocr_par' dir='ltr' id='par_1_4' title="bbox 225 2728 1303 3772">
     <span class='ocr_line' id='line_1_21' title="bbox 225 2728 1300 2837; baseline -0.007 -29"><span class='ocrx_word' id='word_1_150' title='bbox 225 2737 341 2830; x_wconf 87' lang='lat' dir='ltr'>Quem</span> <span class='ocrx_word' id='word_1_151' title='bbox 358 2735 464 2837; x_wconf 84' lang='lat' dir='ltr'>legati</span> <span class='ocrx_word' id='word_1_152' title='bbox 477 2736 673 2836; x_wconf 88' lang='lat' dir='ltr'>pontilicis,</span> <span class='ocrx_word' id='word_1_153' title='bbox 687 2735 870 2810; x_wconf 79' lang='lat' dir='ltr'>lohannes</span> <span class='ocrx_word' id='word_1_154' title='bbox 881 2733 1069 2834; x_wconf 84' lang='lat' dir='ltr'>episcopus</span> <span class='ocrx_word' id='word_1_155' title='bbox 1086 2728 1300 2804; x_wconf 80' lang='lat' dir='ltr'>Silrae-Can·</span> 
     </span>
     <span class='ocr_line' id='line_1_22' title="bbox 225 2844 1299 2952; baseline -0.005 -27"><span class='ocrx_word' id='word_1_156' title='bbox 225 2852 340 2943; x_wconf 87' lang='lat' dir='ltr'>didae,</span> <span class='ocrx_word' id='word_1_157' title='bbox 365 2853 578 2932; x_wconf 86' lang='lat' dir='ltr'>Theodorus</span> <span class='ocrx_word' id='word_1_158' title='bbox 595 2854 848 2931; x_wconf 90' lang='lat' dir='ltr'>nomenclator</span> <span class='ocrx_word' id='word_1_159' title='bbox 871 2867 908 2926; x_wconf 90' lang='lat' dir='ltr'>et</span> <span class='ocrx_word' id='word_1_160' title='bbox 926 2851 1070 2952; x_wconf 82' lang='lat' dir='ltr'>Sergius</span> <span class='ocrx_word' id='word_1_161' title='bbox 1093 2849 1193 2938; x_wconf 89' lang='lat' dir='ltr'>dux,</span> <span class='ocrx_word' id='word_1_162' title='bbox 1215 2844 1299 2921; x_wconf 59' lang='lat' dir='ltr'>sul&gt;</span> 
     </span>
     <span class='ocr_line' id='line_1_23' title="bbox 226 2965 1300 3073; baseline -0.002 -32"><span class='ocrx_word' id='word_1_163' title='bbox 226 2969 359 3060; x_wconf 88' lang='lat' dir='ltr'>secuti,</span> <span class='ocrx_word' id='word_1_164' title='bbox 387 2971 431 3044; x_wconf 87' lang='lat' dir='ltr'>de</span> <span class='ocrx_word' id='word_1_165' title='bbox 462 2970 516 3044; x_wconf 92' lang='lat' dir='ltr'>his</span> <span class='ocrx_word' id='word_1_166' title='bbox 540 2997 623 3073; x_wconf 83' lang='lat' dir='ltr'>quae</span> <span class='ocrx_word' id='word_1_167' title='bbox 650 2971 801 3046; x_wconf 91' lang='lat' dir='ltr'>domino</span> <span class='ocrx_word' id='word_1_168' title='bbox 829 2995 896 3045; x_wconf 90' lang='lat' dir='ltr'>suo</span> <span class='ocrx_word' id='word_1_169' title='bbox 927 2965 1209 3069; x_wconf 78' lang='lat' dir='ltr'>objiciebantur,</span> <span class='ocrx_word' id='word_1_170' title='bbox 1235 2990 1300 3066; x_wconf 83' lang='lat' dir='ltr'>per</span> 
     </span>
     <span class='ocr_line' id='line_1_24' title="bbox 226 3080 1301 3187; baseline -0.007 -27"><span class='ocrx_word' id='word_1_171' title='bbox 226 3087 348 3160; x_wconf 87' lang='lat' dir='ltr'>omnia</span> <span class='ocrx_word' id='word_1_172' title='bbox 371 3087 581 3187; x_wconf 88' lang='lat' dir='ltr'>imperatori</span> <span class='ocrx_word' id='word_1_173' title='bbox 605 3087 870 3161; x_wconf 82' lang='lat' dir='ltr'>satisfecerunt.</span> <span class='ocrx_word' id='word_1_174' title='bbox 897 3090 1019 3186; x_wconf 82' lang='lat' dir='ltr'>Legati</span> <span class='ocrx_word' id='word_1_175' title='bbox 1038 3083 1245 3158; x_wconf 87' lang='lat' dir='ltr'>Sardorum·</span> <span class='ocrx_word' id='word_1_176' title='bbox 1258 3080 1301 3154; x_wconf 87' lang='lat' dir='ltr'>de</span> 
     </span>
     <span class='ocr_line' id='line_1_25' title="bbox 227 3197 1300 3301; baseline -0.006 -23"><span class='ocrx_word' id='word_1_177' title='bbox 227 3204 342 3278; x_wconf 84' lang='lat' dir='ltr'>Carali</span> <span class='ocrx_word' id='word_1_178' title='bbox 360 3205 504 3280; x_wconf 86' lang='lat' dir='ltr'>civitate</span> <span class='ocrx_word' id='word_1_179' title='bbox 519 3197 789 3281; x_wconf 87' lang='lat' dir='ltr'>donaferentes</span> <span class='ocrx_word' id='word_1_180' title='bbox 805 3220 997 3279; x_wconf 75' lang='lat' dir='ltr'>venerunt.</span> <span class='ocrx_word' id='word_1_181' title='bbox 1017 3203 1089 3275; x_wconf 86' lang='lat' dir='ltr'>Pax</span> <span class='ocrx_word' id='word_1_182' title='bbox 1110 3226 1196 3301; x_wconf 81' lang='lat' dir='ltr'>quae</span> <span class='ocrx_word' id='word_1_183' title='bbox 1219 3224 1300 3273; x_wconf 88' lang='lat' dir='ltr'>cum</span> 
     </span>
     <span class='ocr_line' id='line_1_26' title="bbox 227 3315 1299 3423; baseline -0.007 -31"><span class='ocrx_word' id='word_1_184' title='bbox 227 3318 364 3392; x_wconf 86' lang='lat' dir='ltr'>Abulaz</span> <span class='ocrx_word' id='word_1_185' title='bbox 390 3347 473 3423; x_wconf 82' lang='lat' dir='ltr'>rege</span> <span class='ocrx_word' id='word_1_186' title='bbox 500 3320 780 3395; x_wconf 87' lang='lat' dir='ltr'>Sarracenorum</span> <span class='ocrx_word' id='word_1_187' title='bbox 806 3319 899 3393; x_wconf 87' lang='lat' dir='ltr'>facta</span> <span class='ocrx_word' id='word_1_188' title='bbox 911 3372 923 3407; x_wconf 91' lang='lat'>‚</span> <span class='ocrx_word' id='word_1_189' title='bbox 951 3334 987 3393; x_wconf 89' lang='lat' dir='ltr'>et</span> <span class='ocrx_word' id='word_1_190' title='bbox 1008 3343 1073 3418; x_wconf 89' lang='lat' dir='ltr'>per</span> <span class='ocrx_word' id='word_1_191' title='bbox 1100 3315 1299 3391; x_wconf 88' lang='lat' dir='ltr'>triennium</span> 
     </span>
     <span class='ocr_line' id='line_1_27' title="bbox 229 3432 1301 3538; baseline -0.005 -27"><span class='ocrx_word' id='word_1_192' title='bbox 229 3454 365 3512; x_wconf 87' lang='lat' dir='ltr'>servata</span> <span class='ocrx_word' id='word_1_193' title='bbox 383 3454 477 3528; x_wconf 87' lang='lat' dir='ltr'>crat,</span> <span class='ocrx_word' id='word_1_194' title='bbox 490 3440 590 3514; x_wconf 81' lang='lat' dir='ltr'>velut</span> <span class='ocrx_word' id='word_1_195' title='bbox 616 3439 753 3512; x_wconf 87' lang='lat' dir='ltr'>inutilis</span> <span class='ocrx_word' id='word_1_196' title='bbox 775 3455 902 3538; x_wconf 84' lang='lat' dir='ltr'>rupta,</span> <span class='ocrx_word' id='word_1_197' title='bbox 923 3451 961 3511; x_wconf 85' lang='lat' dir='ltr'>et</span> <span class='ocrx_word' id='word_1_198' title='bbox 979 3452 1106 3510; x_wconf 88' lang='lat' dir='ltr'>contra</span> <span class='ocrx_word' id='word_1_199' title='bbox 1128 3460 1215 3507; x_wconf 91' lang='lat' dir='ltr'>eum</span> <span class='ocrx_word' id='word_1_200' title='bbox 1237 3432 1301 3506; x_wconf 85' lang='lat' dir='ltr'>ite·</span> 
     </span>
     <span class='ocr_line' id='line_1_28' title="bbox 229 3551 1301 3656; baseline -0.009 -29"><span class='ocrx_word' id='word_1_201' title='bbox 229 3581 313 3627; x_wconf 91' lang='lat' dir='ltr'>rum</span> <span class='ocrx_word' id='word_1_202' title='bbox 334 3552 471 3629; x_wconf 90' lang='lat' dir='ltr'>bellum</span> <span class='ocrx_word' id='word_1_203' title='bbox 493 3572 698 3656; x_wconf 86' lang='lat' dir='ltr'>susceptum</span> <span class='ocrx_word' id='word_1_204' title='bbox 715 3571 781 3630; x_wconf 90' lang='lat' dir='ltr'>cst.</span> <span class='ocrx_word' id='word_1_205' title='bbox 808 3552 1036 3629; x_wconf 88' lang='lat' dir='ltr'>Nordbertus</span> <span class='ocrx_word' id='word_1_206' title='bbox 1057 3551 1247 3653; x_wconf 88' lang='lat' dir='ltr'>episcopus</span> <span class='ocrx_word' id='word_1_207' title='bbox 1267 3562 1301 3620; x_wconf 83' lang='lat' dir='ltr'>ct</span> 
     </span>
     <span class='ocr_line' id='line_1_29' title="bbox 230 3665 1303 3772; baseline -0.006 -29"><span class='ocrx_word' id='word_1_208' title='bbox 230 3669 439 3748; x_wconf 83' lang='lat' dir='ltr'>Richwinus</span> <span class='ocrx_word' id='word_1_209' title='bbox 452 3697 571 3747; x_wconf 85' lang='lat' dir='ltr'>comes</span> <span class='ocrx_word' id='word_1_210' title='bbox 584 3673 628 3747; x_wconf 90' lang='lat' dir='ltr'>de</span> <span class='ocrx_word' id='word_1_211' title='bbox 640 3670 957 3772; x_wconf 80' lang='lat' dir='ltr'>Constantinopoli</span> <span class='ocrx_word' id='word_1_212' title='bbox 971 3668 1134 3771; x_wconf 81' lang='lat' dir='ltr'>regressi,</span> <span class='ocrx_word' id='word_1_213' title='bbox 1145 3665 1303 3765; x_wconf 81' lang='lat' dir='ltr'>descrip-</span> 
     </span>
    </p>
   </div>
   <div class='ocr_carea' id='block_1_5' title="bbox 238 3989 1301 4226">
    <p class='ocr_par' dir='ltr' id='par_1_5' title="bbox 238 3989 1301 4226">
     <span class='ocr_line' id='line_1_30' title="bbox 270 3989 529 4057; baseline -0.012 -13"><span class='ocrx_word' id='word_1_214' title='bbox 270 3991 293 4057; x_wconf 83' lang='lat' dir='ltr'>(t</span> <span class='ocrx_word' id='word_1_215' title='bbox 325 3990 361 4045; x_wconf 89' lang='lat' dir='ltr'>D.</span> <span class='ocrx_word' id='word_1_216' title='bbox 376 3989 434 4043; x_wconf 91' lang='lat' dir='ltr'>Bou</span> <span class='ocrx_word' id='word_1_217' title='bbox 458 4009 529 4043; x_wconf 74' lang='lat' dir='ltr'>..rm</span> 
     </span>
     <span class='ocr_line' id='line_1_31' title="bbox 272 3992 1301 4153; baseline 0 -22"><span class='ocrx_word' id='word_1_218' title='bbox 272 3992 310 4150; x_wconf 69' lang='lat' dir='ltr'>(al</span> <span class='ocrx_word' id='word_1_219' title='bbox 328 4080 362 4133; x_wconf 85' lang='grc'>1).</span> <span class='ocrx_word' id='word_1_220' title='bbox 378 4010 464 4153; x_wconf 74' lang='lat' dir='ltr'>Bouii.</span> <span class='ocrx_word' id='word_1_221' title='bbox 479 4099 542 4133; x_wconf 86' lang='lat' dir='ltr'>cum</span> <span class='ocrx_word' id='word_1_222' title='bbox 557 4080 677 4134; x_wconf 71' lang='lat' dir='ltr'>Nucnar.</span> <span class='ocrx_word' id='word_1_223' title='bbox 692 4080 807 4136; x_wconf 84' lang='lat' dir='ltr'>comite:</span> <span class='ocrx_word' id='word_1_224' title='bbox 826 4079 995 4149; x_wconf 70' lang='lat' dir='ltr'>Priusquam</span> <span class='ocrx_word' id='word_1_225' title='bbox 1009 4074 1178 4130; x_wconf 79' lang='lat' dir='ltr'>tamenillue</span> <span class='ocrx_word' id='word_1_226' title='bbox 1189 4075 1301 4131; x_wconf 74' lang='lat' dir='ltr'>veniret</span> 
     </span>
     <span class='ocr_line' id='line_1_32' title="bbox 238 4168 570 4226; baseline 0.009 -8"><span class='ocrx_word' id='word_1_227' title='bbox 238 4168 289 4220; x_wconf 75' lang='lat' dir='ltr'>secl</span> <span class='ocrx_word' id='word_1_228' title='bbox 299 4169 374 4222; x_wconf 80' lang='lat' dir='ltr'>dorru&#39;</span> <span class='ocrx_word' id='word_1_229' title='bbox 386 4170 479 4224; x_wconf 75' lang='lat' dir='ltr'>arllruc</span> <span class='ocrx_word' id='word_1_230' title='bbox 490 4181 570 4226; x_wconf 77' lang='lat' dir='ltr'>essct</span> 
     </span>
    </p>
   </div>
   <div class='ocr_carea' id='block_1_6' title="bbox 0 0 1526 5272">
    <p class='ocr_par' dir='ltr' id='par_1_6' title="bbox 0 0 1526 5272">
     <span class='ocr_line' id='line_1_33' title="bbox 0 0 1526 5272; baseline 0 0"><span class='ocrx_word' id='word_1_231' title='bbox 0 0 1526 5272; x_wconf 95' lang='lat' dir='ltr'> </span> 
     </span>
    </p>
   </div>
  </div>
 </body>
</html>
