3000 5272
385 442 445 501 358
775 439 1058 501 HLUDOWICUS.

384 570 613 668 praesentiam
641 570 868 668 imperatoris
894 586 1093 661 venerunt,
1120 596 1284 674 quorum
1312 576 1448 650 uomina

384 685 682 788 suntMeligastus
697 686 751 784 (1)
762 703 800 760 et
811 686 1044 790 Celeadragus
1054 690 1124 789 (a).
1137 690 1258 764 Erant
1270 690 1382 767 iidem
1393 690 1448 769 titii

383 805 490 878 Liubi
514 806 607 904 regis
623 805 846 879 Wiltzorum
857 859 869 893 ,
887 808 950 906 qui
975 805 1061 880 licet
1083 832 1166 881 cum
1187 806 1370 883 fratribus
1388 812 1449 884 tuis

382 950 536 1023 regnum
554 925 609 1020 (3)
627 923 782 995 divisum
803 938 962 1012 teneret,
986 939 1128 1018 tamen,
1150 916 1348 1028 pioptcm
1362 928 1450 1030 quod

383 1059 472 1115 natu
492 1045 608 1140 major
624 1056 722 1128 erat,
748 1040 791 1113 ad
815 1067 899 1115 eum
921 1043 1033 1117 totius
1055 1045 1157 1144 regni
1180 1070 1326 1120 summa
1347 1048 1450 1149 perti·

383 1160 506 1235 nebat.
524 1160 595 1253 Qui
613 1186 718 1247 cum,
739 1161 931 1232 commisso
946 1185 1031 1233 cum
1046 1160 1289 1237 orientalibus
1306 1160 1449 1240 Abodri-

384 1275 429 1348 tis
441 1275 581 1374 praelio,
592 1276 784 1361 interisset,
797 1274 1249 1377 populusWiltaorum(4)
1257 1276 1378 1353 filium
1385 1282 1449 1379 ejus

383 1392 625 1494 Meligastum,
640 1391 724 1493 quia
742 1394 858 1489 major
874 1409 963 1464 natu
977 1409 1073 1482 erat,
1093 1420 1216 1495 regem
1229 1393 1303 1469 sibi
1321 1398 1449 1471 consti·

383 1511 475 1596 tuit;
498 1507 559 1582 sed
579 1535 663 1580 cum
686 1509 714 1579 is
736 1506 934 1580 secundum
951 1509 1065 1582 ritum
1084 1512 1202 1611 gentis
1224 1514 1449 1587 commissum

379 1625 448 1698 sibi
466 1650 620 1725 regnum
636 1649 764 1722 parum
780 1622 889 1723 digne
904 1621 1194 1714 administraret,
1213 1626 1283 1702 illo
1299 1626 1446 1729 abjecto,

375 1743 516 1842 juniori
533 1741 636 1814 fratri
651 1741 792 1839 regitun
808 1725 988 1813 honorem
1000 1740 1170 1816 deferunt
1187 1744 1265 1842 (5);
1284 1770 1395 1847 quum
1406 1745 1448 1821 ob

383 1885 522 1931 causam
549 1856 657 1930 ambo
681 1857 726 1928 ad
751 1857 981 1955 praesentiam
1007 1858 1235 1959 imperatoris
1261 1876 1446 1937 venerant.

382 1975 481 2070 Quos
497 2002 581 2047 cum
602 1973 776 2060 audisset,
801 1988 838 2046 et
861 1974 979 2074 gentis
999 1974 1227 2050 voluntatem
1243 1979 1449 2079 proniorem

383 2095 420 2167 in
437 2092 594 2192 junioris
617 2090 740 2163 fratris
763 2090 941 2165 honorem
958 2095 1180 2192 agnovisset,
1200 2096 1349 2187 statuit,
1368 2110 1408 2171 ut
1425 2098 1449 2169 is

381 2211 534 2285 delatam
552 2208 620 2282 sibi
636 2237 655 2281 a
674 2211 811 2308 populo
830 2235 896 2282 suo
912 2225 1126 2309 potestatem
1144 2210 1316 2303 haberet,
1334 2211 1450 2289 ambos

382 2347 502 2403 tamen
525 2326 739 2402 muneribus
761 2326 913 2402 donatos
936 2344 975 2417 et
991 2345 1215 2405 sacramento
1232 2330 1399 2407 firmatos
1417 2334 1449 2406 iu

381 2449 535 2548 patriam
553 2447 704 2519 remisit.
724 2446 919 2519 Accusatus
936 2462 989 2520 est
1009 2448 1048 2520 in
1065 2448 1191 2523 eodem
1208 2448 1351 2550 placito
1365 2450 1449 2553 spui

383 2565 637 2669 imperatorem
650 2561 866 2662 Ceadragus,
882 2561 1148 2637 Abodritorum
1159 2565 1348 2667 princeps,
1360 2564 1449 2671 quod

380 2710 418 2756 se
434 2708 516 2781 erga
533 2697 674 2780 partem
692 2681 917 2753 Francorum
935 2707 1065 2780 parum
1083 2679 1239 2756 fideliter
1256 2698 1401 2785 ageret,
1418 2698 1450 2757 et

381 2798 427 2871 ad
444 2797 671 2896 imperatoris
688 2797 918 2894 praesentiam
932 2797 1073 2895 jamdiu
1090 2799 1214 2873 venire
1230 2797 1449 2874 dissimulas·

381 2931 457 3005 set,
484 2930 635 3014 propter
660 2915 759 3014 quod
783 2913 932 2989 adeum
956 2917 1061 3018 legati
1085 2916 1214 2992 directi
1238 2934 1354 3013 sunt,
1375 2944 1447 2993 cum

378 3028 512 3133 quibus
529 3030 590 3103 ilie
606 3030 739 3103 iterum
754 3030 931 3130 quosdam
944 3058 988 3105 ex
1004 3030 1228 3131 primoribus
1243 3036 1369 3135 gentis
1383 3060 1447 3108 sue

379 3147 425 3220 ad
446 3148 701 3245 imperatorem
724 3146 839 3235 misit,
860 3173 996 3250 perque
1021 3147 1169 3222 illorum
1184 3147 1295 3225 verba
1312 3150 1446 3251 promi·

379 3266 449 3353 sit,
468 3290 504 3337 se
520 3264 564 3335 ad
580 3263 789 3363 proximum
807 3261 935 3337 hiemis
957 3279 1099 3367 tempus
1115 3262 1159 3338 ad
1177 3264 1277 3341 iilius
1294 3292 1443 3369 praeseu-

379 3383 466 3455 tiam
483 3407 556 3455 esse
572 3395 782 3455 venturum.

427 3495 635 3572 Hlotharius
650 3522 737 3570 vero
754 3523 838 3570 cum
854 3498 1055 3570 secundum
1071 3497 1183 3599 patris
1194 3498 1395 3597 jussionem
1409 3499 1438 3570 in

412 3788 452 3857 (a)
471 3784 525 3842 All.
540 3783 733 3853 Millegastus,
746 3781 929 3854 Milegastus,
946 3782 1109 3855 Milegatus.

412 3878 453 3948 (a)
470 3874 524 3929 All.
542 3871 745 3944 Cealedragus,
763 3871 966 3946 Cealugragus.

408 3962 451 4035 (3)
469 3963 504 4017 D.
519 3962 607 4035 Bouq.
620 3978 684 4014 cum
698 3959 790 4014 Nuen.
805 3977 878 4014 com.
893 3977 1011 4032 regnum
1020 3977 1103 4013 suum
1111 3955 1242 4018 dicisum,

411 4057 451 4125 (4)
469 4052 577 4109 lidem:
595 4052 648 4123 Qui
661 4049 711 4105 ubi
722 4069 747 4103 c.
764 4068 827 4104 cum
839 4068 865 4105 o.
884 4050 921 4105 A.
938 4069 966 4123 p.
980 4047 1139 4116 cecidisset,
1162 4047 1279 4123 Wiist'f
1293 4068 1319 4105 e.
1335 4046 1431 4119 mpii

378 4166 413 4200 m.
426 4165 460 4209 c.,
472 4166 495 4198 r.
512 4165 534 4197 s.
550 4145 731 4197 constituunt.

412 4231 450 4303 (5)
470 4233 557 4287 lidcna
573 4257 577 4284 :
595 4231 764 4284 (detulerunt.
