3000 5272
346 491 385 550 12
595 484 689 546 vm
711 484 858 546 Kanom
881 484 1152 548 IMPERATORIS.

345 615 513 694 solvenda
535 614 687 690 Romam
710 617 933 692 sollemniter
949 631 1211 708 commearent,
1238 632 1274 690 et
1297 641 1403 704 eum,

345 735 444 809 velut
462 733 653 806 dominum
675 733 858 834 quondam
884 760 1008 823 suum,
1030 735 1216 833 praeterire
1240 733 1402 819 nollent,

344 850 480 940 otium,
505 875 581 952 quo
597 851 750 925 maxime
771 849 1025 940 delectabatur,
1045 849 1168 926 crebra
1195 850 1407 923 salutatione

345 968 676 1066 interrumpentes,
715 965 836 1040 locum
869 980 1009 1040 mutare
1044 965 1279 1065 compellunt.
1315 964 1408 1038 Nam

345 1084 588 1184 hujuscemodi
610 1082 849 1186 frequentiam
870 1110 953 1158 cnm
973 1110 1038 1158 suo
1059 1083 1246 1184 proposito
1267 1082 1408 1157 officere

344 1200 506 1291 vidisset,
528 1200 656 1275 relicto
680 1216 824 1290 monte,
848 1201 886 1274 in
911 1201 1097 1274 Samnium
1118 1200 1341 1304 provinciam
1364 1198 1409 1270 nd

344 1318 602 1392 monasterium
630 1317 743 1392 sancti
773 1315 955 1392 Benedicti
987 1318 1097 1389 situm
1126 1317 1164 1390 in
1190 1330 1307 1389 castro
1335 1315 1408 1388 Ca-

345 1435 426 1510 sino
434 1438 488 1534 (1)
500 1435 659 1523 secessit,
673 1448 709 1508 et
722 1433 790 1521 ibi,
807 1432 905 1535 quod
918 1433 1096 1534 reliquum
1114 1448 1189 1507 erat
1203 1431 1408 1534 temporalis

345 1552 450 1644 vitae,
468 1551 632 1652 religiose
649 1549 892 1627 conversando
908 1551 1127 1651 complevit(
1150 1552 1178 1648 ).

394 1788 458 1862 lll.
485 1787 658 1888 Pippinus
669 1803 802 1876 autem,
818 1813 884 1886 per
894 1788 1144 1861 anctoritatem
1155 1787 1309 1861 Romani
1320 1813 1409 1885 pon·

346 1899 452 1975 tifieis
476 1930 520 1977 ex
546 1902 719 2001 praelecto
740 1902 860 2004 palatii
885 1928 949 1976 rex
974 1902 1210 1994 constitutus,
1235 1928 1317 1974 cum
1343 1926 1410 2001 per

344 2044 517 2093 annosxv
530 2035 593 2092 aut
603 2045 646 2094 eo
658 2019 809 2119 amplius
820 2020 965 2093 Francis
975 2019 1070 2093 solus
1082 2018 1288 2118 imperaret,
1303 2016 1410 2092 finito

345 2136 567 2238 Aquitanico
577 2135 694 2226 bello,
708 2134 809 2237 quod
821 2151 946 2210 contra
959 2136 1016 2236 (3)
1030 2134 1265 2225 Waifarium,
1279 2135 1410 2210 ducem

344 2251 567 2354 Aquitaniae,
588 2251 634 2325 ab
659 2278 703 2327 eo
724 2268 948 2354 susceptum,
974 2279 1039 2352 per
1062 2254 1254 2328 continuos
1277 2278 1410 2327 novem

344 2395 459 2443 annos
473 2369 678 2470 gerebatur,
698 2369 793 2470 apud
808 2370 961 2442 Parisius
972 2370 1025 2468 (4)
1038 2371 1169 2445 morbo
1184 2397 1286 2473 aquae
1299 2369 1411 2444 inter-

345 2485 436 2557 cutis
453 2485 507 2584 (5)
523 2484 619 2558 diem
636 2485 749 2574 obiit,
768 2483 1020 2585 superstitibus
1034 2483 1157 2559 liberis
1173 2485 1285 2559 Karlo
1299 2485 1354 2584 (6)
1372 2499 1411 2559 et

345 2602 593 2678 Karlomanno
612 2607 683 2703 (7),
703 2603 747 2676 ad
763 2630 853 2705 quos
870 2604 1043 2678 successio
1059 2604 1160 2705 regni
1176 2602 1299 2676 divino
1315 2617 1410 2675 nutu

346 2738 570 2817 pervenerat.
594 2723 720 2794 Franci
739 2722 936 2821 siquidem,
954 2722 1049 2796 facto
1062 2721 1278 2796 solemniter
1296 2745 1410 2820 gene-

345 2834 411 2906 rali
432 2851 632 2922 conventu,
650 2834 774 2910 ambos
791 2836 858 2907 sibi
875 2863 974 2936 reges
995 2838 1241 2925 constituunt,
1260 2862 1300 2910 ea
1318 2861 1410 2909 con-

346 2949 486 3024 ditione
510 2951 710 3051 praemissa,
740 2967 782 3023 ut
808 2966 928 3024 totum
952 2954 1054 3052 regni
1082 2977 1211 3051 corpus
1237 2979 1280 3025 ex
1302 2975 1409 3053 aequo

346 3067 588 3165 partirentur;
604 3081 639 3139 et
649 3066 802 3141 Karolus
814 3092 891 3139 eam
905 3082 1041 3164 partem
1050 3092 1158 3166 quam
1168 3082 1269 3166 pater
1281 3091 1410 3140 eorum

348 3182 520 3281 Pippinus
532 3196 712 3269 tenuerat,
727 3181 990 3255 Karlomannus
1006 3209 1092 3256 vero
1103 3209 1178 3257 eam
1191 3183 1247 3254 cui
1260 3198 1410 3284 patruus

348 3321 475 3371 eorum
488 3298 752 3372 Karlonmnnus
769 3312 940 3396 praeerat,
957 3297 1102 3399 regendi
1122 3297 1233 3397 gnatia
1250 3295 1411 3396 suscipe·

383 3637 424 3710 (r)
441 3637 598 3695 Nuenarins
610 3654 722 3692 comes:
739 3656 803 3693 arce
818 3636 945 3694 Cassian.

385 3725 425 3798 (a)
442 3725 486 3781 cf.
501 3725 612 3780 annales
624 3744 650 3780 a.
665 3721 794 3800 753755.

386 3811 426 3887 (3)
443 3813 499 3870 All.
516 3813 711 3887 Gausrarium,
729 3813 898 3888 Gasferium,
915 3811 1101 3887 Guarsarium.

385 3903 427 3976 (4)
444 3902 563 3959 Plurimi
575 3902 657 3959 codd.
672 3903 806 3959 Pausias.

386 3991 428 4067 (5)
445 3993 491 4050 ΔΙ.
504 3997 702 4050 intercutaneo.

389 4080 430 4152 (6)
446 4080 492 4137 ΑΙ.
509 4081 626 4137 Ilarolo.

389 4173 429 4246 (7)
448 4171 502 4229 All.
530 4172 744 4240 Κανὶιηιωυιο,
772 4170 1000 4237 desolamur,
1036 4168 1248 4242 Karlomagno,
1284 4166 1403 4223 Charete

357 4278 469 4317 manno.
