3000 5272
210 403 272 463 366
601 395 884 457 HlUDOWlCUS.

211 534 399 604 Danorum
414 541 626 613 accesserat,
639 541 677 600 et
692 540 815 600 aestata
829 527 1014 625 praeterita
1027 526 1170 603 multos
1182 532 1284 606 exeis

210 648 255 721 ad
271 646 380 721 fidem
395 645 579 720 venientes
594 642 854 744 baptisaverat‚
872 669 1054 745 regressus
1068 661 1139 720 est.

258 765 339 837 lloe
355 787 454 836 anno
472 761 635 861 prodigia
652 760 820 861 quaedam
836 760 997 836 extitisse
1017 776 1233 852 narrantur,
1250 763 1284 837 in

210 876 344 980 quibus
372 877 553 978 praecipua
582 875 734 949 fueruru
760 875 800 948 in
824 873 986 976 Aquensi
1017 876 1158 975 palatio
1182 893 1286 953 terra

212 1010 347 1077 motus,
363 1008 400 1067 et
414 994 452 1065 in
466 992 654 1066 territorio
670 991 833 1067 Tullensi
844 995 950 1092 juxta
962 991 1088 1066 villam
1100 993 1286 1069 Coram

211 1114 351 1185 eiacum
366 1109 485 1211 puella
500 1109 667 1211 quaedam
679 1109 950 1184 annorumfere
960 1134 1012 1183 xu
1026 1107 1075 1183 al)
1085 1111 1196 1185 omui
1206 1110 1285 1187 cibo

211 1255 278 1329 per
300 1253 324 1301 x
343 1251 482 1301 menses
501 1224 699 1300 abstinens.
728 1227 779 1298 Et
802 1227 841 1299 in
858 1227 1035 1317 Saxonis,
1055 1228 1098 1301 in
1115 1252 1212 1329 pago
1226 1230 1284 1331 qui

212 1360 365 1420 vocatur
383 1343 540 1416 Frihsazi
556 1344 630 1441 (1),
647 1367 740 1415 xxut
759 1343 856 1417 villae
873 1344 1012 1418 coelesti
1035 1345 1124 1446 igne
1138 1370 1286 1421 conoe

214 1480 342 1554 matae,
360 1477 397 1537 et
418 1461 562 1562 fulgura
582 1485 711 1534 sereno
731 1477 841 1562 atque
866 1461 1026 1535 interdiu
1045 1460 1092 1537 de
1115 1461 1215 1537 ooelo
1234 1488 1287 1536 ca·

212 1581 348 1654 dentia.
366 1581 416 1654 Et
430 1580 469 1653 in
484 1579 611 1653 multis
624 1577 834 1680 regionibus
848 1578 968 1680 fruges
979 1576 1172 1680 grandinis¹
1184 1593 1286 1653 mh·

213 1698 315 1772 tione
337 1694 488 1785 deletae,
517 1712 625 1796 atque
654 1697 692 1768 in
716 1694 934 1797 quibusdam
957 1696 1047 1770 locis
1071 1695 1187 1769 simul
1209 1720 1286 1769 eum

214 1816 288 1914 ipsa
314 1813 489 1916 grandine
506 1813 581 1886 veri
599 1812 754 1913 lapides,
780 1829 891 1913 atque
911 1812 1068 1914 ingentis
1092 1812 1281 1913 ponderis,

213 1928 379 2004 decidere
399 1929 465 2002 visi
476 1957 488 2018 ;
513 1928 644 2003 domus
664 1955 812 2031 quoque
836 1927 881 2003 de
900 1928 999 2002 coelo
1019 1943 1147 2018 tactae,
1173 1927 1284 2003 homi·

214 2073 351 2149 necque
363 2072 405 2119 ae
420 2061 548 2120 caetera
562 2046 730 2119 animalia
745 2046 876 2146 passim
889 2045 1089 2119 fulminum
1102 2046 1184 2118 ictu
1196 2070 1285 2146 pru·

213 2178 271 2238 ter
285 2162 433 2237 solitum
449 2160 581 2236 crebro
596 2163 796 2235 exanimata
812 2161 998 2235 dicuntur.
1017 2161 1149 2235 Secuta
1164 2176 1220 2236 est
1236 2160 1283 2233 in·

213 2304 302 2380 gens
319 2278 542 2379 pestilentia,
559 2293 669 2379 atque
685 2277 877 2352 hominum
890 2276 1111 2367 mortalitas,
1124 2301 1214 2379 qnae
1227 2300 1284 2377 per

214 2411 330 2472 totam
343 2398 533 2469 Franciam
548 2396 756 2470 immaniter
771 2421 1028 2497 usquequaque
1042 2412 1203 2496 grassata
1218 2408 1283 2479 att,

215 2529 253 2588 et
276 2513 506 2588 innumeram
521 2511 714 2586 hominum
735 2511 1008 2587 multitudinem
1029 2511 1168 2587 diversi
1191 2534 1285 2587 aaut

216 2647 253 2704 et
267 2632 383 2704 aetatis
399 2631 607 2730 gravissime
622 2629 805 2704 saeviendo
822 2630 1060 2730 consumpsit.

616 2845 877 2923 ucccxxlv.

263 3010 340 3082 Rex
353 3008 594 3110 Bulgarorum
608 3008 783 3109 Omortag
797 3009 896 3082 velut
909 3009 1003 3108 pacis
1018 3006 1202 3083 faciendae
1212 3031 1286 3109 gn·

215 3125 264 3198 tia
278 3125 413 3225 legatos
425 3125 469 3197 ad
483 3125 740 3223 imperatorem
753 3150 836 3197 cum
848 3124 979 3198 litteris
991 3123 1115 3213 misit,
1124 3148 1222 3226 quos
1232 3120 1286 3195 ille

216 3269 301 3315 eum
319 3242 497 3331 audisset,
516 3268 556 3314 ac
572 3241 710 3314 litteras
726 3269 810 3343 quae
825 3241 942 3316 allatae
957 3241 1107 3316 fuerant
1126 3240 1284 3345 legisset,

214 3362 268 3435 rei
293 3360 456 3435 novitate
481 3386 557 3434 non
583 3360 767 3433 immerito
792 3375 997 3459 permotus,
1027 3357 1074 3433 ad
1098 3358 1286 3461 exploran-

213 3475 297 3549 dam
312 3473 523 3575 diligentius
544 3476 703 3549 insolitae
727 3491 763 3549 et
787 3501 973 3577 nunquam
989 3475 1094 3576 prius
1117 3475 1161 3549 in
1175 3476 1286 3549 Fran·

214 3595 308 3667 eiam
337 3593 514 3666 venientis
545 3593 731 3693 legationis
765 3620 926 3683 causam,
959 3591 1210 3669 Machelmum
1235 3590 1285 3691 (a)

213 3711 406 3813 quemdam
427 3709 471 3784 de
492 3711 651 3810 Bajoaria
677 3737 761 3783 cum
788 3712 872 3810 ipsis
894 3711 1019 3812 legatis
1039 3710 1086 3784 ad
1107 3734 1285 3787 memor*

249 4016 288 4084 (ι)
306 4013 360 4068 ΑΙΙ.
381 4013 529 4079 Firihsazi,
550 4012 692 4080 Fiultsazi,
713 4014 863 4081 Striltsazss
883 4016 1008 4070 Strisazi.
1026 4017 1169 4076 Annalist.
1187 4018 1273 4077 &1⁰³

215 4101 384 4156 Firiclnare.
395 4101 554 4175 Chronogr.
568 4101 637 4157 Saxo
654 4126 658 4154 :
676 4102 823 4158 Firr'csaze.
837 4103 944 4158 Chron.
961 4102 1119 4175 Quedliub.
1136 4106 1252 4164 V'modt'.

248 4193 288 4261 (a)
307 4191 360 4245 All.
376 4192 569 4255 Micholinum,
583 4193 787 4259 Machclinum,
801 4193 1000 4249 Mactnmum.
