3000 5272
649 437 837 498 KAllssLUS.

602 629 883 703 nccuxxxn.

259 789 405 862 AEstatis
432 788 557 875 initio,
584 813 666 861 cum
692 793 766 886 jam
798 804 948 888 propter
981 786 1104 889 pabuli
1135 817 1269 894 capu

210 906 387 979 exercitus
400 904 480 977 duci
494 919 651 1004 poterat,
664 905 701 977 in
711 906 901 978 saxoniam
914 905 1087 995 cundum,
1100 924 1139 985 et
1156 907 1223 1012 ihi,
1233 926 1271 983 ut

210 1023 248 1093 in
265 1021 414 1095 Francia
436 1021 633 1120 quotannis
650 1018 809 1110 solebat,
833 1021 1036 1122 generalem
1052 1040 1271 1101 conventum

210 1136 415 1211 habendum
423 1139 574 1212 censuit.
588 1139 825 1237 Trajectoque
834 1137 929 1236 apud
937 1136 1127 1217 Coloniam
1135 1142 1269 1231 litem,

210 1279 294 1329 cum
310 1256 411 1327 omni
427 1257 650 1329 Francorum
662 1255 823 1327 exercitu
842 1252 886 1326 ad
899 1253 1041 1332 fontem
1054 1257 1199 1358 Lippio
1212 1286 1271 1334 vc·

210 1371 286 1457 nit,
302 1385 338 1445 et
352 1372 474 1447 castris
489 1369 539 1443 ibi
557 1371 684 1470 positis
693 1423 706 1457 ,
720 1396 786 1468 per
800 1369 875 1445 dics
892 1396 967 1447 nou
992 1396 1127 1471 paucos
1142 1370 1271 1450 ibidem

210 1502 371 1563 moratus
393 1504 459 1563 est.
486 1487 558 1562 Ubi
589 1489 683 1563 inter
706 1504 833 1563 caetera
851 1489 993 1588 negotia
1015 1490 1124 1567 ctiam
1142 1490 1272 1594 lagatos

210 1604 393 1706 sigifridi,
419 1606 514 1705 regis
536 1607 721 1683 Danorum
732 1656 743 1690 ‚
764 1619 801 1677 et
817 1630 907 1704 quos
924 1605 968 1681 ad
991 1631 1028 1681 se
1051 1606 1221 1708 Kapan
1238 1625 1272 1683 ct

210 1721 410 1819 iugurrus,
432 1720 612 1819 principes
630 1719 686 1817 (a)
706 1719 913 1806 Hunorum,
936 1720 1037 1796 velut
1055 1720 1156 1819 pacis
1178 1746 1270 1797 nan

211 1837 410 1923 miserunt,
440 1851 475 1911 et
501 1836 637 1909 audivit
657 1851 694 1911 et
711 1834 878 1909 absolvit.
906 1838 1071 1938 Cumque
1094 1856 1270 1915 oonrmtu

211 1955 413 2052 completo,
444 1967 542 2025 trans
564 1954 727 2026 Hrcnum
759 1954 797 2025 in
822 1952 977 2031 Galliam
998 1981 1037 2029 sc
1060 1956 1270 2056 recepisset,

211 2068 456 2144 widokindus
473 2071 550 2166 (2),
570 2070 633 2167 qui
654 2068 698 2141 ad
715 2069 960 2147 Nortmsnnos
980 2070 1213 2172 profugmt,
1238 2075 1272 2145 iu

212 2187 364 2286 patriam
381 2211 562 2273 reversus,
591 2186 690 2259 uanis
713 2184 843 2284 spebus
858 2186 1042 2263 Saxonum
1065 2189 1208 2263 animos
1233 2187 1272 2261 td

212 2303 451 2378 defectionem
470 2304 677 2379 concitavit.
702 2306 840 2381 Interea
858 2305 931 2403 regi
956 2305 1104 2379 allatum
1122 2309 1183 2407 (5)
1203 2322 1270 2393 ut,

213 2418 312 2520 quod
325 2418 450 2493 Sorabi
471 2418 608 2506 Sclaui,
623 2419 684 2518 qui
701 2444 846 2517 campos
863 2419 958 2495 inter
973 2418 1099 2497 Albim
1110 2438 1149 2497 ot
1162 2420 1273 2498 satam

215 2539 463 2636 interjacentes
477 2535 664 2622 incolunt,
678 2537 715 2611 in
728 2535 817 2609 fines
831 2533 1106 2637 Thuriugorum
1117 2538 1272 2613 ansano·

215 2681 302 2727 num
312 2708 323 2742 ,
342 2655 405 2755 qui
423 2653 474 2727 cis
489 2668 593 2729 erant
610 2654 849 2745 contermini,
865 2653 1049 2752 praedandi
1066 2680 1170 2729 caum
1189 2655 1274 2729 fnis-

215 2788 296 2848 seut
317 2772 485 2872 ingrcssi,
507 2788 543 2844 ct
563 2770 829 2870 direptionibus
856 2788 962 2873 atque
985 2770 1163 2847 incendiis
1181 2798 1275 2877 quim·

215 2890 298 2963 dam
317 2889 394 2961 loca
412 2904 616 2965 vastassent.
643 2888 732 2983 Qui,
757 2889 879 2965 statim
901 2888 1023 2963 accitis
1040 2888 1085 2963 ad
1107 2916 1147 2964 sc
1163 2888 1275 2965 tribm

218 3004 393 3079 ministris
407 3004 500 3089 suis,
529 3002 693 3103 Adalgiso
711 3007 905 3079 camerario
928 3005 981 3103 (4)
996 3018 1033 3078 et
1045 3004 1205 3083 Geilono
1224 3009 1275 3107 (5)

219 3123 351 3197 comite
373 3119 505 3195 stabuli
521 3136 556 3193 ct
584 3119 749 3197 Worado
770 3123 903 3195 comite
927 3122 1068 3221 palatii,
1084 3125 1274 3225 μιωρίῑ,

219 3254 261 3315 ut
276 3238 428 3338 sumptis
441 3262 561 3311 secum
581 3235 816 3316 orientalibus
833 3238 982 3313 Francis
995 3254 1102 3340 atquc
1125 3240 1276 3317 &zoni-

140 3372 143 3377 '
221 3355 307 3443 bus,
335 3354 602 3428 contumacium
623 3354 833 3426 Sclavorum
858 3355 1040 3431 audaciam
1056 3374 1192 3457 quanta
1213 3384 1277 3459 po·

257 3685 295 3753 (ι)
312 3679 382 3737 eod.
396 3679 467 3752 Reg.
478 3679 540 3733 Par.
552 3674 637 3750 59²l²
651 3680 790 3748 princeps.

258 3774 296 3844 (a)
314 3769 369 3826 All.
389 3766 595 3833 ll'idocltindus,
614 3765 801 3833 Widocindus,
819 3766 855 3818 W
853 3765 994 3822 tililtindus
1000 3793 1007 3829 ;
1020 3777 1049 3822 ct
1058 3768 1147 3824 inira:
1165 3767 1277 3825 Windu-

223 3863 333 3918 ltindus.

257 3952 296 4026 (3)
314 3952 428 4008 Freher.
445 3951 601 4003 nuntiatum
614 3957 664 4001 est.

258 4047 299 4112 (4)
318 4039 407 4096 Codd.
429 4039 587 4092 Hannover.
601 4046 630 4090 ct
651 4032 809 4090 vindobon.
829 4053 876 4089 tro
897 4045 925 4090 et
943 4052 995 4109 99⁰
1018 4059 1023 4088 :
1044 4040 1199 4092 canuam-ri»
1219 4054 1277 4091 swa

224 4135 336 4189 Nuenar
350 4144 441 4183 comes
455 4149 460 4178 :
477 4125 653 4179 cubiculario.

261 4222 298 4289 (5)
316 4218 385 4274 Cod.
401 4214 562 4273 l’intlobon.
581 4231 647 4266 tro:
667 4209 788 4264 (ledunc.
