<?xml version="1.0" encoding="UTF-8"?>
<!DOCTYPE html PUBLIC "-//W3C//DTD XHTML 1.0 Transitional//EN"
    "http://www.w3.org/TR/xhtml1/DTD/xhtml1-transitional.dtd">
<html xmlns="http://www.w3.org/1999/xhtml" xml:lang="en" lang="en">
 <head>
  <title>
</title>
<meta http-equiv="Content-Type" content="text/html;charset=utf-8" />
  <meta name='ocr-system' content='tesseract 3.04.00' />
  <meta name='ocr-capabilities' content='ocr_page ocr_carea ocr_par ocr_line ocrx_word'/>
</head>
<body>
  <div class='ocr_page' id='page_1' title='image "./einhardiomniaqu01einhgoog_0207.png"; bbox 0 0 3000 5272; ppageno 0'>
   <div class='ocr_carea' id='block_1_1' title="bbox 214 400 840 467">
    <p class='ocr_par' dir='ltr' id='par_1_1' title="bbox 214 400 840 467">
     <span class='ocr_line' id='line_1_1' title="bbox 214 400 840 467; baseline -0.008 -3"><span class='ocrx_word' id='word_1_1' title='bbox 214 407 271 467; x_wconf 79' lang='lat'><strong>198</strong></span> <span class='ocrx_word' id='word_1_2' title='bbox 652 400 840 463; x_wconf 63' lang='lat' dir='ltr'><strong>uinctus.</strong></span> 
     </span>
    </p>
   </div>
   <div class='ocr_carea' id='block_1_2' title="bbox 107 530 1279 3317">
    <p class='ocr_par' dir='ltr' id='par_1_2' title="bbox 107 530 1279 3317">
     <span class='ocr_line' id='line_1_2' title="bbox 213 530 1273 633; baseline 0 -26"><span class='ocrx_word' id='word_1_3' title='bbox 213 562 296 608; x_wconf 89' lang='lat' dir='ltr'><strong>rum</strong></span> <span class='ocrx_word' id='word_1_4' title='bbox 325 531 490 607; x_wconf 85' lang='lat' dir='ltr'><strong>subactus</strong></span> <span class='ocrx_word' id='word_1_5' title='bbox 520 559 560 605; x_wconf 88' lang='lat' dir='ltr'><strong>ac</strong></span> <span class='ocrx_word' id='word_1_6' title='bbox 584 530 795 606; x_wconf 84' lang='lat' dir='ltr'><strong>tributarius</strong></span> <span class='ocrx_word' id='word_1_7' title='bbox 819 532 953 620; x_wconf 84' lang='lat' dir='ltr'><strong>factus,</strong></span> <span class='ocrx_word' id='word_1_8' title='bbox 981 533 1194 633; x_wconf 67' lang='lat' dir='ltr'><strong>impositam</strong></span> <span class='ocrx_word' id='word_1_9' title='bbox 1209 532 1273 607; x_wconf 82' lang='lat' dir='ltr'><strong>sibi</strong></span> 
     </span>
     <span class='ocr_line' id='line_1_3' title="bbox 212 648 1275 751; baseline 0.004 -29"><span class='ocrx_word' id='word_1_10' title='bbox 212 649 375 751; x_wconf 82' lang='lat' dir='ltr'><strong>vectigal,</strong></span> <span class='ocrx_word' id='word_1_11' title='bbox 391 650 476 723; x_wconf 90' lang='lat' dir='ltr'><strong>licet</strong></span> <span class='ocrx_word' id='word_1_12' title='bbox 487 650 635 740; x_wconf 86' lang='lat' dir='ltr'><strong>invitus,</strong></span> <span class='ocrx_word' id='word_1_13' title='bbox 650 650 787 723; x_wconf 85' lang='lat' dir='ltr'><strong>solvere</strong></span> <span class='ocrx_word' id='word_1_14' title='bbox 796 649 946 724; x_wconf 87' lang='lat' dir='ltr'><strong>solebat.</strong></span> <span class='ocrx_word' id='word_1_15' title='bbox 962 648 1180 750; x_wconf 85' lang='lat' dir='ltr'><strong>Cumquoeo</strong></span> <span class='ocrx_word' id='word_1_16' title='bbox 1193 664 1275 725; x_wconf 82' lang='lat' dir='ltr'><strong>tcm-</strong></span> 
     </span>
     <span class='ocr_line' id='line_1_4' title="bbox 212 767 1274 870; baseline 0.002 -27"><span class='ocrx_word' id='word_1_17' title='bbox 212 795 301 869; x_wconf 91' lang='lat' dir='ltr'><strong>pore</strong></span> <span class='ocrx_word' id='word_1_18' title='bbox 312 769 411 843; x_wconf 90' lang='lat' dir='ltr'><strong>dicto</strong></span> <span class='ocrx_word' id='word_1_19' title='bbox 420 767 566 843; x_wconf 88' lang='lat' dir='ltr'><strong>audiens</strong></span> <span class='ocrx_word' id='word_1_20' title='bbox 578 793 655 842; x_wconf 90' lang='lat' dir='ltr'><strong>non</strong></span> <span class='ocrx_word' id='word_1_21' title='bbox 664 783 768 857; x_wconf 87' lang='lat' dir='ltr'><strong>esset,</strong></span> <span class='ocrx_word' id='word_1_22' title='bbox 781 769 909 843; x_wconf 84' lang='lat' dir='ltr'><strong>missus</strong></span> <span class='ocrx_word' id='word_1_23' title='bbox 922 769 1009 843; x_wconf 86' lang='lat' dir='ltr'><strong>illuc</strong></span> <span class='ocrx_word' id='word_1_24' title='bbox 1021 769 1132 870; x_wconf 78' lang='lat' dir='ltr'><strong>tegiae</strong></span> <span class='ocrx_word' id='word_1_25' title='bbox 1146 794 1274 845; x_wconf 75' lang='lat' dir='ltr'><strong>mnaso</strong></span> 
     </span>
     <span class='ocr_line' id='line_1_5' title="bbox 209 882 1275 987; baseline 0 -28"><span class='ocrx_word' id='word_1_26' title='bbox 209 885 424 984; x_wconf 80' lang='lat' dir='ltr'><strong>praepositus</strong></span> <span class='ocrx_word' id='word_1_27' title='bbox 433 882 624 974; x_wconf 86' lang='lat' dir='ltr'><strong>Audulfus,</strong></span> <span class='ocrx_word' id='word_1_28' title='bbox 635 883 782 983; x_wconf 85' lang='lat' dir='ltr'><strong>perfidae</strong></span> <span class='ocrx_word' id='word_1_29' title='bbox 791 886 908 987; x_wconf 87' lang='lat' dir='ltr'><strong>gentis</strong></span> <span class='ocrx_word' id='word_1_30' title='bbox 916 886 1275 967; x_wconf 79' lang='lat' dir='ltr'><strong>contumacinmmira</strong></span> 
     </span>
     <span class='ocr_line' id='line_1_6' title="bbox 211 1001 1276 1102; baseline 0 -27"><span class='ocrx_word' id='word_1_31' title='bbox 211 1003 391 1077; x_wconf 89' lang='lat' dir='ltr'><strong>celeritate</strong></span> <span class='ocrx_word' id='word_1_32' title='bbox 413 1001 642 1102; x_wconf 78' lang='lat' dir='ltr'><strong>compressit,</strong></span> <span class='ocrx_word' id='word_1_33' title='bbox 670 1003 817 1102; x_wconf 83' lang='lat' dir='ltr'><strong>regique</strong></span> <span class='ocrx_word' id='word_1_34' title='bbox 847 1002 940 1102; x_wconf 88' lang='lat' dir='ltr'><strong>apud</strong></span> <span class='ocrx_word' id='word_1_35' title='bbox 968 1003 1221 1079; x_wconf 82' lang='lat' dir='ltr'><strong>Wormaciam</strong></span> <span class='ocrx_word' id='word_1_36' title='bbox 1243 1017 1276 1077; x_wconf 84' lang='lat' dir='ltr'><strong>et</strong></span> 
     </span>
     <span class='ocr_line' id='line_1_7' title="bbox 211 1117 1276 1219; baseline -0.002 -26"><span class='ocrx_word' id='word_1_37' title='bbox 211 1117 351 1193; x_wconf 91' lang='lat' dir='ltr'><strong>obsides</strong></span> <span class='ocrx_word' id='word_1_38' title='bbox 374 1143 465 1219; x_wconf 88' lang='lat' dir='ltr'><strong>quos</strong></span> <span class='ocrx_word' id='word_1_39' title='bbox 489 1131 694 1217; x_wconf 85' lang='lat' dir='ltr'><strong>acceperat,</strong></span> <span class='ocrx_word' id='word_1_40' title='bbox 712 1132 749 1191; x_wconf 90' lang='lat' dir='ltr'><strong>et</strong></span> <span class='ocrx_word' id='word_1_41' title='bbox 766 1117 968 1216; x_wconf 80' lang='lat' dir='ltr'><strong>complures</strong></span> <span class='ocrx_word' id='word_1_42' title='bbox 993 1144 1037 1193; x_wconf 83' lang='lat' dir='ltr'><strong>ex</strong></span> <span class='ocrx_word' id='word_1_43' title='bbox 1053 1117 1184 1219; x_wconf 79' lang='lat' dir='ltr'><strong>populi</strong></span> <span class='ocrx_word' id='word_1_44' title='bbox 1201 1118 1276 1218; x_wconf 85' lang='lat' dir='ltr'><strong>pri-</strong></span> 
     </span>
     <span class='ocr_line' id='line_1_8' title="bbox 211 1231 1276 1334; baseline -0.001 -27"><span class='ocrx_word' id='word_1_45' title='bbox 211 1232 374 1313; x_wconf 88' lang='lat' dir='ltr'><strong>moribus</strong></span> <span class='ocrx_word' id='word_1_46' title='bbox 391 1234 552 1309; x_wconf 83' lang='lat' dir='ltr'><strong>adduxit.</strong></span> <span class='ocrx_word' id='word_1_47' title='bbox 581 1235 678 1323; x_wconf 79' lang='lat' dir='ltr'><strong>Rex,</strong></span> <span class='ocrx_word' id='word_1_48' title='bbox 712 1259 798 1332; x_wconf 88' lang='lat' dir='ltr'><strong>pace</strong></span> <span class='ocrx_word' id='word_1_49' title='bbox 821 1231 983 1334; x_wconf 88' lang='lat' dir='ltr'><strong>undique</strong></span> <span class='ocrx_word' id='word_1_50' title='bbox 1007 1250 1131 1333; x_wconf 81' lang='lat' dir='ltr'><strong>parta,</strong></span> <span class='ocrx_word' id='word_1_51' title='bbox 1156 1234 1276 1308; x_wconf 81' lang='lat' dir='ltr'><strong>statuit</strong></span> 
     </span>
     <span class='ocr_line' id='line_1_9' title="bbox 213 1349 1277 1452; baseline 0.003 -29"><span class='ocrx_word' id='word_1_52' title='bbox 213 1350 366 1424; x_wconf 87' lang='lat' dir='ltr'>Romam</span> <span class='ocrx_word' id='word_1_53' title='bbox 379 1351 578 1449; x_wconf 87' lang='lat' dir='ltr'><strong>proficisci,</strong></span> <span class='ocrx_word' id='word_1_54' title='bbox 597 1365 634 1424; x_wconf 88' lang='lat' dir='ltr'><strong>et</strong></span> <span class='ocrx_word' id='word_1_55' title='bbox 652 1365 792 1448; x_wconf 85' lang='lat' dir='ltr'><strong>partem</strong></span> <span class='ocrx_word' id='word_1_56' title='bbox 808 1349 940 1439; x_wconf 79' lang='lat' dir='ltr'><strong>ltaliae,</strong></span> <span class='ocrx_word' id='word_1_57' title='bbox 954 1377 1036 1452; x_wconf 83' lang='lat' dir='ltr'><strong>qnae</strong></span> <span class='ocrx_word' id='word_1_58' title='bbox 1052 1376 1157 1433; x_wconf 82' lang='lat' dir='ltr'><strong>nunc</strong></span> <span class='ocrx_word' id='word_1_59' title='bbox 1171 1350 1277 1429; x_wconf 84' lang='lat' dir='ltr'><strong>Benc-</strong></span> 
     </span>
     <span class='ocr_line' id='line_1_10' title="bbox 213 1463 1277 1566; baseline 0.005 -30"><span class='ocrx_word' id='word_1_60' title='bbox 213 1479 342 1540; x_wconf 86' lang='lat' dir='ltr'><strong>ventus</strong></span> <span class='ocrx_word' id='word_1_61' title='bbox 359 1467 417 1565; x_wconf 90' lang='lat'><strong>(1)</strong></span> <span class='ocrx_word' id='word_1_62' title='bbox 435 1480 599 1556; x_wconf 81' lang='lat' dir='ltr'><strong>vocatm,</strong></span> <span class='ocrx_word' id='word_1_63' title='bbox 618 1463 784 1566; x_wconf 78' lang='lat' dir='ltr'><strong>aggredi,</strong></span> <span class='ocrx_word' id='word_1_64' title='bbox 799 1468 1019 1541; x_wconf 85' lang='lat' dir='ltr'><strong>conveniens</strong></span> <span class='ocrx_word' id='word_1_65' title='bbox 1038 1464 1277 1542; x_wconf 57' lang='lat' dir='ltr'><strong>essearbitrv</strong></span> 
     </span>
     <span class='ocr_line' id='line_1_11' title="bbox 213 1583 1276 1685; baseline 0.001 -29"><span class='ocrx_word' id='word_1_66' title='bbox 213 1600 292 1674; x_wconf 87' lang='lat' dir='ltr'><strong>tus,</strong></span> <span class='ocrx_word' id='word_1_67' title='bbox 309 1599 352 1657; x_wconf 87' lang='lat' dir='ltr'><strong>ut</strong></span> <span class='ocrx_word' id='word_1_68' title='bbox 369 1583 465 1659; x_wconf 89' lang='lat' dir='ltr'><strong>illius</strong></span> <span class='ocrx_word' id='word_1_69' title='bbox 482 1584 586 1685; x_wconf 81' lang='lat' dir='ltr'><strong>regni</strong></span> <span class='ocrx_word' id='word_1_70' title='bbox 604 1583 781 1658; x_wconf 85' lang='lat' dir='ltr'><strong>residuam</strong></span> <span class='ocrx_word' id='word_1_71' title='bbox 794 1585 1003 1683; x_wconf 88' lang='lat' dir='ltr'><strong>portionem</strong></span> <span class='ocrx_word' id='word_1_72' title='bbox 1018 1610 1094 1660; x_wconf 69' lang='lat' dir='ltr'><strong>utre</strong></span> <span class='ocrx_word' id='word_1_73' title='bbox 1110 1584 1276 1685; x_wconf 71' lang='lat' dir='ltr'><strong>potetnti</strong></span> 
     </span>
     <span class='ocr_line' id='line_1_12' title="bbox 213 1699 1278 1803; baseline 0.005 -31"><span class='ocrx_word' id='word_1_74' title='bbox 213 1699 412 1791; x_wconf 88' lang='lat' dir='ltr'><strong>subiceret,</strong></span> <span class='ocrx_word' id='word_1_75' title='bbox 440 1705 539 1799; x_wconf 88' lang='lat' dir='ltr'><strong>cujus</strong></span> <span class='ocrx_word' id='word_1_76' title='bbox 560 1717 667 1800; x_wconf 89' lang='lat' dir='ltr'><strong>eaput</strong></span> <span class='ocrx_word' id='word_1_77' title='bbox 690 1701 729 1774; x_wconf 87' lang='lat' dir='ltr'><strong>in</strong></span> <span class='ocrx_word' id='word_1_78' title='bbox 754 1717 860 1800; x_wconf 85' lang='lat' dir='ltr'><strong>capto</strong></span> <span class='ocrx_word' id='word_1_79' title='bbox 878 1701 1062 1777; x_wconf 84' lang='lat' dir='ltr'><strong>Desiderio</strong></span> <span class='ocrx_word' id='word_1_80' title='bbox 1084 1716 1278 1803; x_wconf 64' lang='lat' dir='ltr'><strong>regemf-</strong></span> 
     </span>
     <span class='ocr_line' id='line_1_13' title="bbox 208 1814 1277 1918; baseline 0 -29"><span class='ocrx_word' id='word_1_81' title='bbox 208 1819 401 1917; x_wconf 87' lang='lat' dir='ltr'><strong>joremque</strong></span> <span class='ocrx_word' id='word_1_82' title='bbox 413 1833 555 1917; x_wconf 82' lang='lat' dir='ltr'><strong>partem</strong></span> <span class='ocrx_word' id='word_1_83' title='bbox 564 1818 602 1891; x_wconf 91' lang='lat' dir='ltr'><strong>in</strong></span> <span class='ocrx_word' id='word_1_84' title='bbox 613 1816 859 1918; x_wconf 80' lang='lat' dir='ltr'><strong>langobardia</strong></span> <span class='ocrx_word' id='word_1_85' title='bbox 871 1817 1106 1917; x_wconf 76' lang='lat' dir='ltr'><strong>jamsuba&#39;ctn</strong></span> <span class='ocrx_word' id='word_1_86' title='bbox 1126 1814 1277 1895; x_wconf 70' lang='lat' dir='ltr'><strong>tentht</strong></span> 
     </span>
     <span class='ocr_line' id='line_1_14' title="bbox 214 1934 1278 2024; baseline 0.003 -16"><span class='ocrx_word' id='word_1_87' title='bbox 214 1934 289 2009; x_wconf 90' lang='lat' dir='ltr'><strong>Nec</strong></span> <span class='ocrx_word' id='word_1_88' title='bbox 301 1934 364 2008; x_wconf 93' lang='lat' dir='ltr'><strong>diu</strong></span> <span class='ocrx_word' id='word_1_89' title='bbox 381 1953 563 2024; x_wconf 86' lang='lat' dir='ltr'><strong>moratus,</strong></span> <span class='ocrx_word' id='word_1_90' title='bbox 580 1934 641 2011; x_wconf 92' lang='lat' dir='ltr'><strong>sed</strong></span> <span class='ocrx_word' id='word_1_91' title='bbox 664 1937 859 2009; x_wconf 86' lang='lat' dir='ltr'><strong>contractis</strong></span> <span class='ocrx_word' id='word_1_92' title='bbox 876 1936 1039 2013; x_wconf 71' lang='lat' dir='ltr'>celeriter</span> <span class='ocrx_word' id='word_1_93' title='bbox 1057 1936 1278 2015; x_wconf 73' lang='lat' dir='ltr'><strong>Francorum</strong></span> 
     </span>
     <span class='ocr_line' id='line_1_15' title="bbox 107 2052 1279 2154; baseline 0.002 -27"><span class='ocrx_word' id='word_1_94' title='bbox 107 2052 122 2073; x_wconf 74' lang='grc'><strong>““</strong></span> <span class='ocrx_word' id='word_1_95' title='bbox 213 2053 343 2152; x_wconf 88' lang='lat' dir='ltr'><strong>copiis,</strong></span> <span class='ocrx_word' id='word_1_96' title='bbox 360 2055 399 2128; x_wconf 92' lang='lat' dir='ltr'><strong>iu</strong></span> <span class='ocrx_word' id='word_1_97' title='bbox 417 2055 491 2153; x_wconf 89' lang='lat' dir='ltr'><strong>ipsa</strong></span> <span class='ocrx_word' id='word_1_98' title='bbox 504 2052 665 2128; x_wconf 90' lang='lat' dir='ltr'><strong>hiemalis</strong></span> <span class='ocrx_word' id='word_1_99' title='bbox 683 2055 857 2154; x_wconf 90' lang='lat' dir='ltr'><strong>temporis</strong></span> <span class='ocrx_word' id='word_1_100' title='bbox 872 2055 1062 2154; x_wconf 83' lang='lat' dir='ltr'><strong>asperitate</strong></span> <span class='ocrx_word' id='word_1_101' title='bbox 1075 2052 1222 2131; x_wconf 79' lang='lat' dir='ltr'><strong>ltaliam</strong></span> <span class='ocrx_word' id='word_1_102' title='bbox 1229 2052 1279 2129; x_wconf 83' lang='lat' dir='ltr'><strong>in·</strong></span> 
     </span>
     <span class='ocr_line' id='line_1_16' title="bbox 212 2169 1279 2272; baseline 0.002 -29"><span class='ocrx_word' id='word_1_103' title='bbox 212 2169 388 2272; x_wconf 83' lang='lat' dir='ltr'><strong>greditur.</strong></span> <span class='ocrx_word' id='word_1_104' title='bbox 408 2172 572 2272; x_wconf 86' lang='lat' dir='ltr'><strong>Cumque</strong></span> <span class='ocrx_word' id='word_1_105' title='bbox 594 2175 633 2246; x_wconf 93' lang='lat' dir='ltr'><strong>in</strong></span> <span class='ocrx_word' id='word_1_106' title='bbox 650 2172 833 2247; x_wconf 87' lang='lat' dir='ltr'><strong>Florentia</strong></span> <span class='ocrx_word' id='word_1_107' title='bbox 846 2175 1050 2249; x_wconf 80' lang='lat' dir='ltr'><strong>Tuscorum</strong></span> <span class='ocrx_word' id='word_1_108' title='bbox 1067 2173 1279 2247; x_wconf 78' lang='lat' dir='ltr'><strong>civitatem·</strong></span> 
     </span>
     <span class='ocr_line' id='line_1_17' title="bbox 214 2287 1277 2389; baseline 0.001 -30"><span class='ocrx_word' id='word_1_109' title='bbox 214 2287 323 2360; x_wconf 89' lang='lat' dir='ltr'><strong>talem</strong></span> <span class='ocrx_word' id='word_1_110' title='bbox 335 2287 484 2361; x_wconf 90' lang='lat' dir='ltr'><strong>Domini</strong></span> <span class='ocrx_word' id='word_1_111' title='bbox 497 2287 725 2376; x_wconf 88' lang='lat' dir='ltr'><strong>celebrasset,</strong></span> <span class='ocrx_word' id='word_1_112' title='bbox 738 2303 872 2388; x_wconf 83' lang='lat' dir='ltr'><strong>quanta</strong></span> <span class='ocrx_word' id='word_1_113' title='bbox 882 2290 1004 2388; x_wconf 88' lang='lat' dir='ltr'><strong>potnit</strong></span> <span class='ocrx_word' id='word_1_114' title='bbox 1014 2289 1072 2389; x_wconf 82' lang='lat' dir='ltr'><strong>(a)</strong></span> <span class='ocrx_word' id='word_1_115' title='bbox 1086 2287 1277 2374; x_wconf 72' lang='lat' dir='ltr'><strong>celeritate,</strong></span> 
     </span>
     <span class='ocr_line' id='line_1_18' title="bbox 214 2401 1279 2503; baseline 0.006 -29"><span class='ocrx_word' id='word_1_116' title='bbox 214 2403 368 2475; x_wconf 85' lang='lat' dir='ltr'><strong>Romam</strong></span> <span class='ocrx_word' id='word_1_117' title='bbox 384 2403 437 2474; x_wconf 88' lang='lat' dir='ltr'><strong>ire</strong></span> <span class='ocrx_word' id='word_1_118' title='bbox 455 2401 657 2475; x_wconf 81' lang='lat' dir='ltr'><strong>contendit.</strong></span> <span class='ocrx_word' id='word_1_119' title='bbox 684 2403 863 2498; x_wconf 87' lang='lat' dir='ltr'><strong>Quocum</strong></span> <span class='ocrx_word' id='word_1_120' title='bbox 876 2406 1052 2492; x_wconf 83' lang='lat' dir='ltr'><strong>venisset,</strong></span> <span class='ocrx_word' id='word_1_121' title='bbox 1075 2430 1118 2479; x_wconf 88' lang='lat' dir='ltr'><strong>ac</strong></span> <span class='ocrx_word' id='word_1_122' title='bbox 1132 2404 1180 2479; x_wconf 84' lang='lat' dir='ltr'><strong>dc</strong></span> <span class='ocrx_word' id='word_1_123' title='bbox 1195 2426 1279 2503; x_wconf 82' lang='lat' dir='ltr'><strong>pro·</strong></span> 
     </span>
     <span class='ocr_line' id='line_1_19' title="bbox 213 2517 1278 2619; baseline 0.002 -31"><span class='ocrx_word' id='word_1_124' title='bbox 213 2517 371 2592; x_wconf 84' lang='lat' dir='ltr'><strong>sectione</strong></span> <span class='ocrx_word' id='word_1_125' title='bbox 390 2544 452 2589; x_wconf 91' lang='lat' dir='ltr'><strong>sua</strong></span> <span class='ocrx_word' id='word_1_126' title='bbox 472 2519 510 2589; x_wconf 89' lang='lat' dir='ltr'><strong>in</strong></span> <span class='ocrx_word' id='word_1_127' title='bbox 531 2518 779 2593; x_wconf 87' lang='lat' dir='ltr'><strong>Beneventum</strong></span> <span class='ocrx_word' id='word_1_128' title='bbox 799 2536 873 2591; x_wconf 87' lang='lat' dir='ltr'><strong>tam</strong></span> <span class='ocrx_word' id='word_1_129' title='bbox 901 2546 985 2592; x_wconf 88' lang='lat' dir='ltr'><strong>cum</strong></span> <span class='ocrx_word' id='word_1_130' title='bbox 1008 2519 1170 2594; x_wconf 85' lang='lat' dir='ltr'><strong>Adriano</strong></span> <span class='ocrx_word' id='word_1_131' title='bbox 1192 2542 1278 2619; x_wconf 89' lang='lat' dir='ltr'><strong>pou·</strong></span> 
     </span>
     <span class='ocr_line' id='line_1_20' title="bbox 214 2632 1279 2732; baseline 0.004 -30"><span class='ocrx_word' id='word_1_132' title='bbox 214 2633 310 2706; x_wconf 90' lang='lat' dir='ltr'><strong>tifice</strong></span> <span class='ocrx_word' id='word_1_133' title='bbox 331 2658 441 2732; x_wconf 90' lang='lat' dir='ltr'><strong>qnam</strong></span> <span class='ocrx_word' id='word_1_134' title='bbox 459 2657 544 2702; x_wconf 93' lang='lat' dir='ltr'><strong>cum</strong></span> <span class='ocrx_word' id='word_1_135' title='bbox 567 2634 638 2704; x_wconf 91' lang='lat' dir='ltr'><strong>suis</strong></span> <span class='ocrx_word' id='word_1_136' title='bbox 660 2633 896 2732; x_wconf 85' lang='lat' dir='ltr'><strong>optimatibus</strong></span> <span class='ocrx_word' id='word_1_137' title='bbox 919 2632 1169 2724; x_wconf 86' lang='lat' dir='ltr'><strong>deliberasset,</strong></span> <span class='ocrx_word' id='word_1_138' title='bbox 1195 2632 1279 2706; x_wconf 82' lang='lat' dir='ltr'><strong>Ara·</strong></span> 
     </span>
     <span class='ocr_line' id='line_1_21' title="bbox 215 2750 1279 2852; baseline 0.003 -31"><span class='ocrx_word' id='word_1_139' title='bbox 215 2751 330 2849; x_wconf 81' lang='lat' dir='ltr'><strong>gisus,</strong></span> <span class='ocrx_word' id='word_1_140' title='bbox 343 2750 417 2823; x_wconf 88' lang='lat' dir='ltr'><strong>dux</strong></span> <span class='ocrx_word' id='word_1_141' title='bbox 429 2751 768 2825; x_wconf 86' lang='lat' dir='ltr'><strong>Beneventanorum</strong></span> <span class='ocrx_word' id='word_1_142' title='bbox 775 2806 787 2840; x_wconf 92' lang='lat'>‚</span> <span class='ocrx_word' id='word_1_143' title='bbox 799 2750 922 2825; x_wconf 88' lang='lat' dir='ltr'><strong>audito</strong></span> <span class='ocrx_word' id='word_1_144' title='bbox 936 2755 1011 2852; x_wconf 82' lang='lat' dir='ltr'><strong>ejus</strong></span> <span class='ocrx_word' id='word_1_145' title='bbox 1023 2751 1185 2829; x_wconf 80' lang='lat' dir='ltr'><strong>adventu</strong></span> <span class='ocrx_word' id='word_1_146' title='bbox 1194 2776 1279 2827; x_wconf 84' lang='lat' dir='ltr'><strong>com</strong></span> 
     </span>
     <span class='ocr_line' id='line_1_22' title="bbox 213 2867 1278 2977; baseline 0.004 -38"><span class='ocrx_word' id='word_1_147' title='bbox 213 2881 386 2967; x_wconf 82' lang='lat' dir='ltr'><strong>perteque</strong></span> <span class='ocrx_word' id='word_1_148' title='bbox 399 2867 439 2938; x_wconf 88' lang='lat' dir='ltr'><strong>in</strong></span> <span class='ocrx_word' id='word_1_149' title='bbox 452 2881 588 2939; x_wconf 85' lang='lat' dir='ltr'><strong>terram</strong></span> <span class='ocrx_word' id='word_1_150' title='bbox 603 2894 704 2940; x_wconf 91' lang='lat' dir='ltr'><strong>suam</strong></span> <span class='ocrx_word' id='word_1_151' title='bbox 719 2867 880 2941; x_wconf 90' lang='lat' dir='ltr'><strong>intrandi</strong></span> <span class='ocrx_word' id='word_1_152' title='bbox 894 2867 1100 2961; x_wconf 83' lang='lat' dir='ltr'><strong>voluntate,</strong></span> <span class='ocrx_word' id='word_1_153' title='bbox 1117 2868 1278 2977; x_wconf 77' lang='lat' dir='ltr'><strong>proposi-</strong></span> 
     </span>
     <span class='ocr_line' id='line_1_23' title="bbox 216 2983 1277 3083; baseline 0.005 -27"><span class='ocrx_word' id='word_1_154' title='bbox 216 3000 295 3057; x_wconf 90' lang='lat' dir='ltr'><strong>tum</strong></span> <span class='ocrx_word' id='word_1_155' title='bbox 303 2986 704 3082; x_wconf 84' lang='lat' dir='ltr'><strong>ejusarertereconatus</strong></span> <span class='ocrx_word' id='word_1_156' title='bbox 713 2985 1002 3061; x_wconf 83' lang='lat' dir='ltr'><strong>estMissoenim</strong></span> <span class='ocrx_word' id='word_1_157' title='bbox 1010 2983 1277 3083; x_wconf 66' lang='lat' dir='ltr'><strong>Rumoaldoffl,</strong></span> 
     </span>
     <span class='ocr_line' id='line_1_24' title="bbox 214 3099 1278 3205; baseline 0.002 -32"><span class='ocrx_word' id='word_1_158' title='bbox 214 3103 349 3199; x_wconf 91' lang='lat' dir='ltr'><strong>majore</strong></span> <span class='ocrx_word' id='word_1_159' title='bbox 370 3099 549 3189; x_wconf 90' lang='lat' dir='ltr'><strong>filiosuo,</strong></span> <span class='ocrx_word' id='word_1_160' title='bbox 575 3126 660 3173; x_wconf 91' lang='lat' dir='ltr'><strong>cum</strong></span> <span class='ocrx_word' id='word_1_161' title='bbox 685 3101 896 3175; x_wconf 89' lang='lat' dir='ltr'><strong>muneribus</strong></span> <span class='ocrx_word' id='word_1_162' title='bbox 920 3101 966 3175; x_wconf 90' lang='lat' dir='ltr'><strong>ad</strong></span> <span class='ocrx_word' id='word_1_163' title='bbox 986 3127 1131 3203; x_wconf 76' lang='lat' dir='ltr'><strong>regem,</strong></span> <span class='ocrx_word' id='word_1_164' title='bbox 1159 3123 1278 3205; x_wconf 71' lang='lat' dir='ltr'><strong>rogan</strong></span> 
     </span>
     <span class='ocr_line' id='line_1_25' title="bbox 216 3214 1276 3317; baseline -0.002 -26"><span class='ocrx_word' id='word_1_165' title='bbox 216 3217 347 3317; x_wconf 91' lang='lat' dir='ltr'><strong>coepit,</strong></span> <span class='ocrx_word' id='word_1_166' title='bbox 366 3241 414 3289; x_wconf 89' lang='lat' dir='ltr'><strong>ne</strong></span> <span class='ocrx_word' id='word_1_167' title='bbox 432 3231 565 3291; x_wconf 87' lang='lat' dir='ltr'><strong>terram</strong></span> <span class='ocrx_word' id='word_1_168' title='bbox 581 3217 920 3292; x_wconf 84' lang='lat' dir='ltr'><strong>Beneventauorum</strong></span> <span class='ocrx_word' id='word_1_169' title='bbox 944 3218 1110 3295; x_wconf 66' lang='lat' dir='ltr'><strong>intrem.</strong></span> <span class='ocrx_word' id='word_1_170' title='bbox 1139 3216 1213 3293; x_wconf 86' lang='lat' dir='ltr'><strong>Scd</strong></span> <span class='ocrx_word' id='word_1_171' title='bbox 1227 3214 1276 3291; x_wconf 80' lang='lat' dir='ltr'><strong>fflc</strong></span> 
     </span>
    </p>
   </div>
   <div class='ocr_carea' id='block_1_3' title="bbox 214 3318 1275 3667">
    <p class='ocr_par' dir='ltr' id='par_1_3' title="bbox 214 3318 1275 3667">
     <span class='ocr_line' id='line_1_26' title="bbox 215 3318 1275 3434; baseline -0.002 -29"><span class='ocrx_word' id='word_1_172' title='bbox 215 3333 321 3434; x_wconf 83' lang='lat' dir='ltr'><strong>longe</strong></span> <span class='ocrx_word' id='word_1_173' title='bbox 336 3331 441 3407; x_wconf 91' lang='lat' dir='ltr'><strong>aliter</strong></span> <span class='ocrx_word' id='word_1_174' title='bbox 465 3332 510 3407; x_wconf 93' lang='lat' dir='ltr'><strong>de</strong></span> <span class='ocrx_word' id='word_1_175' title='bbox 536 3332 645 3407; x_wconf 87' lang='lat' dir='ltr'><strong>rebus</strong></span> <span class='ocrx_word' id='word_1_176' title='bbox 675 3334 852 3408; x_wconf 89' lang='lat' dir='ltr'><strong>inchoatis</strong></span> <span class='ocrx_word' id='word_1_177' title='bbox 876 3333 1081 3409; x_wconf 85' lang='lat' dir='ltr'><strong>faciendum</strong></span> <span class='ocrx_word' id='word_1_178' title='bbox 1097 3318 1170 3406; x_wconf 72' lang='lat' dir='ltr'><strong>silii</strong></span> <span class='ocrx_word' id='word_1_179' title='bbox 1188 3328 1275 3434; x_wconf 83' lang='lat' dir='ltr'><strong>jrrdi·</strong></span> 
     </span>
     <span class='ocr_line' id='line_1_27' title="bbox 216 3449 1275 3543; baseline -0.006 -19"><span class='ocrx_word' id='word_1_180' title='bbox 216 3477 318 3538; x_wconf 89' lang='lat' dir='ltr'><strong>cans,</strong></span> <span class='ocrx_word' id='word_1_181' title='bbox 342 3466 486 3524; x_wconf 88' lang='lat' dir='ltr'><strong>retento</strong></span> <span class='ocrx_word' id='word_1_182' title='bbox 501 3477 623 3525; x_wconf 89' lang='lat' dir='ltr'><strong>secum</strong></span> <span class='ocrx_word' id='word_1_183' title='bbox 643 3451 866 3543; x_wconf 85' lang='lat' dir='ltr'><strong>Rumoaldo,</strong></span> <span class='ocrx_word' id='word_1_184' title='bbox 892 3478 975 3524; x_wconf 92' lang='lat' dir='ltr'><strong>cum</strong></span> <span class='ocrx_word' id='word_1_185' title='bbox 999 3451 1103 3527; x_wconf 90' lang='lat' dir='ltr'><strong>omni</strong></span> <span class='ocrx_word' id='word_1_186' title='bbox 1126 3449 1275 3526; x_wconf 76' lang='lat' dir='ltr'><strong>exercita</strong></span> 
     </span>
     <span class='ocr_line' id='line_1_28' title="bbox 214 3563 1274 3667; baseline 0.001 -29"><span class='ocrx_word' id='word_1_187' title='bbox 214 3591 279 3640; x_wconf 92' lang='lat' dir='ltr'><strong>suo</strong></span> <span class='ocrx_word' id='word_1_188' title='bbox 294 3567 452 3665; x_wconf 86' lang='lat' dir='ltr'><strong>Capuam</strong></span> <span class='ocrx_word' id='word_1_189' title='bbox 468 3565 673 3666; x_wconf 84' lang='lat' dir='ltr'><strong>Campaniae</strong></span> <span class='ocrx_word' id='word_1_190' title='bbox 693 3568 874 3642; x_wconf 89' lang='lat' dir='ltr'><strong>civitatem</strong></span> <span class='ocrx_word' id='word_1_191' title='bbox 890 3568 1054 3656; x_wconf 84' lang='lat' dir='ltr'><strong>accessit,</strong></span> <span class='ocrx_word' id='word_1_192' title='bbox 1073 3563 1201 3667; x_wconf 79' lang='lat' dir='ltr'><strong>ibique</strong></span> <span class='ocrx_word' id='word_1_193' title='bbox 1215 3587 1274 3639; x_wconf 80' lang='lat' dir='ltr'><strong>cut·</strong></span> 
     </span>
    </p>
   </div>
   <div class='ocr_carea' id='block_1_4' title="bbox 211 3813 1274 4163">
    <p class='ocr_par' dir='ltr' id='par_1_4' title="bbox 211 3813 1274 4059">
     <span class='ocr_line' id='line_1_29' title="bbox 246 3813 1272 3892; baseline -0.005 -18"><span class='ocrx_word' id='word_1_194' title='bbox 246 3821 285 3892; x_wconf 83' lang='grc' dir='ltr'><strong>(ι)</strong></span> <span class='ocrx_word' id='word_1_195' title='bbox 303 3820 346 3874; x_wconf 83' lang='lat' dir='ltr'><strong>lta</strong></span> <span class='ocrx_word' id='word_1_196' title='bbox 359 3815 446 3873; x_wconf 81' lang='lat' dir='ltr'><strong>habet</strong></span> <span class='ocrx_word' id='word_1_197' title='bbox 456 3817 552 3886; x_wconf 73' lang='lat' dir='ltr'><strong>Perta,</strong></span> <span class='ocrx_word' id='word_1_198' title='bbox 566 3836 632 3872; x_wconf 89' lang='lat' dir='ltr'><strong>cum</strong></span> <span class='ocrx_word' id='word_1_199' title='bbox 641 3819 704 3874; x_wconf 90' lang='lat' dir='ltr'><strong>cod.</strong></span> <span class='ocrx_word' id='word_1_200' title='bbox 718 3820 835 3874; x_wconf 83' lang='lat' dir='ltr'><strong>Arman.</strong></span> <span class='ocrx_word' id='word_1_201' title='bbox 847 3837 862 3873; x_wconf 86' lang='lat' dir='ltr'><strong>a</strong></span> <span class='ocrx_word' id='word_1_202' title='bbox 874 3819 910 3873; x_wconf 89' lang='lat' dir='ltr'><strong>D.</strong></span> <span class='ocrx_word' id='word_1_203' title='bbox 926 3819 1016 3892; x_wconf 87' lang='lat' dir='ltr'><strong>Bonq.</strong></span> <span class='ocrx_word' id='word_1_204' title='bbox 1029 3817 1060 3873; x_wconf 91' lang='lat' dir='ltr'><strong>in</strong></span> <span class='ocrx_word' id='word_1_205' title='bbox 1073 3816 1150 3873; x_wconf 77' lang='lat' dir='ltr'><strong>notis</strong></span> <span class='ocrx_word' id='word_1_206' title='bbox 1160 3813 1272 3879; x_wconf 70' lang='lat' dir='ltr'><strong>laudato·</strong></span> 
     </span>
     <span class='ocr_line' id='line_1_30' title="bbox 211 3906 1274 3983; baseline -0.008 -16"><span class='ocrx_word' id='word_1_207' title='bbox 211 3913 264 3967; x_wconf 76' lang='lat' dir='ltr'><strong>Hic</strong></span> <span class='ocrx_word' id='word_1_208' title='bbox 282 3919 375 3966; x_wconf 84' lang='lat' dir='ltr'><strong>autem</strong></span> <span class='ocrx_word' id='word_1_209' title='bbox 388 3909 424 3963; x_wconf 91' lang='lat' dir='ltr'><strong>D.</strong></span> <span class='ocrx_word' id='word_1_210' title='bbox 443 3907 543 3983; x_wconf 86' lang='lat' dir='ltr'><strong>Bouq.,</strong></span> <span class='ocrx_word' id='word_1_211' title='bbox 563 3927 627 3963; x_wconf 89' lang='lat' dir='ltr'><strong>cum</strong></span> <span class='ocrx_word' id='word_1_212' title='bbox 645 3910 768 3964; x_wconf 87' lang='lat' dir='ltr'><strong>Nuenar.</strong></span> <span class='ocrx_word' id='word_1_213' title='bbox 784 3910 901 3977; x_wconf 83' lang='lat' dir='ltr'><strong>comite,</strong></span> <span class='ocrx_word' id='word_1_214' title='bbox 924 3910 953 3963; x_wconf 92' lang='lat' dir='ltr'><strong>in</strong></span> <span class='ocrx_word' id='word_1_215' title='bbox 966 3919 1044 3964; x_wconf 83' lang='lat' dir='ltr'><strong>textu</strong></span> <span class='ocrx_word' id='word_1_216' title='bbox 1062 3906 1133 3980; x_wconf 79' lang='lat' dir='ltr'><strong>legit</strong></span> <span class='ocrx_word' id='word_1_217' title='bbox 1152 3929 1160 3961; x_wconf 69' lang='grc' dir='ltr'><strong>ε</strong></span> <span class='ocrx_word' id='word_1_218' title='bbox 1180 3909 1212 3963; x_wconf 76' lang='lat' dir='ltr'><strong>itt</strong></span> <span class='ocrx_word' id='word_1_219' title='bbox 1226 3919 1274 3976; x_wconf 77' lang='lat' dir='ltr'><strong>quc</strong></span> 
     </span>
     <span class='ocr_line' id='line_1_31' title="bbox 212 4003 566 4059; baseline -0.014 -1"><span class='ocrx_word' id='word_1_220' title='bbox 212 4004 402 4059; x_wconf 79' lang='lat' dir='ltr'><strong>Beneventum</strong></span> <span class='ocrx_word' id='word_1_221' title='bbox 415 4003 501 4055; x_wconf 80' lang='lat' dir='ltr'><strong>situm</strong></span> <span class='ocrx_word' id='word_1_222' title='bbox 514 4009 566 4054; x_wconf 80' lang='lat' dir='ltr'><strong>est.</strong></span> 
     </span>
    </p>

    <p class='ocr_par' dir='ltr' id='par_1_5' title="bbox 244 4089 931 4163">
     <span class='ocr_line' id='line_1_32' title="bbox 244 4089 931 4163; baseline -0.006 -18"><span class='ocrx_word' id='word_1_223' title='bbox 244 4093 285 4163; x_wconf 79' lang='lat' dir='ltr'><strong>(a)</strong></span> <span class='ocrx_word' id='word_1_224' title='bbox 303 4091 427 4149; x_wconf 85' lang='lat' dir='ltr'><strong>Noenar.</strong></span> <span class='ocrx_word' id='word_1_225' title='bbox 442 4107 535 4145; x_wconf 87' lang='lat' dir='ltr'><strong>eomes</strong></span> <span class='ocrx_word' id='word_1_226' title='bbox 550 4112 555 4142; x_wconf 80' lang='grc' dir='ltr'><strong>ι</strong></span> <span class='ocrx_word' id='word_1_227' title='bbox 571 4108 633 4144; x_wconf 84' lang='lat' dir='ltr'><strong>cum</strong></span> <span class='ocrx_word' id='word_1_228' title='bbox 646 4092 771 4146; x_wconf 71' lang='lat' dir='ltr'><strong>murrina</strong></span> <span class='ocrx_word' id='word_1_229' title='bbox 783 4089 931 4145; x_wconf 79' lang='lat' dir='ltr'><strong>celeritate.</strong></span> 
     </span>
    </p>
   </div>
   <div class='ocr_carea' id='block_1_5' title="bbox 246 4179 842 4251">
    <p class='ocr_par' dir='ltr' id='par_1_6' title="bbox 246 4179 842 4251">
     <span class='ocr_line' id='line_1_33' title="bbox 246 4179 842 4251; baseline 0 -16"><span class='ocrx_word' id='word_1_230' title='bbox 246 4179 284 4251; x_wconf 80' lang='lat'><strong>(5)</strong></span> <span class='ocrx_word' id='word_1_231' title='bbox 303 4181 357 4236; x_wconf 88' lang='grc' dir='ltr'>ΛΙΙ.</span> <span class='ocrx_word' id='word_1_232' title='bbox 368 4181 519 4245; x_wconf 82' lang='lat' dir='ltr'><strong>Rumoldo,</strong></span> <span class='ocrx_word' id='word_1_233' title='bbox 536 4180 688 4251; x_wconf 80' lang='lat' dir='ltr'><strong>Rumuldo,</strong></span> <span class='ocrx_word' id='word_1_234' title='bbox 704 4180 842 4237; x_wconf 81' lang='lat' dir='ltr'><strong>Runoldo.</strong></span> 
     </span>
    </p>
   </div>
   <div class='ocr_carea' id='block_1_6' title="bbox 0 0 1506 5272">
    <p class='ocr_par' dir='ltr' id='par_1_7' title="bbox 0 0 1506 5272">
     <span class='ocr_line' id='line_1_34' title="bbox 0 0 1506 5272; baseline 0 0"><span class='ocrx_word' id='word_1_235' title='bbox 0 0 1506 5272; x_wconf 95' lang='lat' dir='ltr'><strong> </strong></span> 
     </span>
    </p>
   </div>
  </div>
 </body>
</html>
