3000 5272
212 397 272 457 328
606 391 887 453 fltnuowlcns.

211 524 367 628 ginharii
380 525 523 599 comitis
535 522 644 611 filius,
659 527 760 623 cnjus
779 538 964 598 maternus
974 548 1061 596 urus
1074 521 1277 597 llurdmdus

211 640 300 717 olim
315 642 353 714 in
371 640 585 727 Germania,
609 665 693 712 cum
713 638 837 711 multis
855 665 899 713 ex
917 664 957 713 ea
972 638 1160 739 provincia
1178 637 1279 714 uobi-

210 757 324 848 libus,
341 772 468 832 contra
481 756 657 831 Karolum
670 759 924 858 imperatorem
936 756 1153 857 conjuravit.
1165 754 1280 831 Erunt

211 890 385 975 praeterea
400 890 437 948 et
452 872 513 947 alii
529 873 637 946 multi
654 873 818 972 praeclari
836 888 874 947 et
892 870 1033 948 nobiles
1047 872 1141 963 viri,
1159 872 1227 973 qui
1243 873 1279 947 iu

210 991 337 1065 eodem
357 989 488 1064 scelere
509 988 719 1090 deprehensi
746 1004 850 1080 sunt,
879 990 976 1064 inter
994 1012 1087 1091 quos
1111 1002 1151 1064 et
1169 986 1278 1091 aliqui

211 1108 392 1210 episcopi,
427 1107 641 1183 Anshelmus
675 1107 974 1197 Mediolanensis,
1004 1124 1043 1183 et
1068 1104 1280 1183 wolfoldus

212 1228 482 1316 Cremonensis,
505 1242 541 1302 et
557 1226 815 1326 Theodulphus
832 1226 1099 1301 Aurelianensis
1115 1224 1233 1301 fuere.

615 2030 871 2104 ncccxvlu.

261 2194 409 2265 Detecta
428 2191 571 2283 frande,
591 2206 627 2265 et
647 2191 898 2290 conjuratione
913 2190 1110 2292 patefacta,
1131 2216 1175 2265 ac
1196 2188 1279 2267 sedi·

213 2308 313 2383 tiosis
328 2306 500 2383 omnibus
514 2308 553 2379 in
565 2322 780 2405 potestatem
794 2334 895 2381 suam
908 2307 1073 2397 redactis,
1087 2306 1281 2409 imper-utor

212 2424 435 2525 Aquasgrani
462 2425 677 2513 revertitur,
709 2440 959 2529 transactoque
986 2422 1279 2529 quadragesimi?

207 2542 366 2641 J‘ep'uuio,
385 2542 507 2640 paneis
524 2557 608 2640 post
624 2555 787 2614 sanctum
802 2538 933 2613 Pascha
949 2538 1096 2631 diebus,
1115 2544 1280 2641 conjun-

215 2659 325 2735 tionis
347 2674 510 2749 autores,
532 2660 596 2760 qui
614 2659 777 2759 superius
793 2658 972 2732 nominati
990 2672 1090 2747 sunt,
1109 2672 1150 2733 ct
1168 2660 1280 2733 Bem-

215 2774 951 2877 hardum(1)regem,judicioFrancorum
960 2774 1280 2876 capituliseuteutiu

215 2893 492 2981 condemnatos,
508 2892 708 2966 luminibus
721 2909 864 2966 tantum
875 2893 983 2993 jussit
993 2890 1139 2982 orbari,
1152 2892 1281 2993 episco-

215 3032 282 3107 pos
291 3007 455 3109 synodali
468 3007 614 3081 decreto
625 3007 807 3106 depositos
822 3007 1050 3082 monasteriis
1063 3006 1278 3109 mancipari,

216 3138 382 3213 caeteros,
401 3140 512 3224 prout
528 3124 680 3224 quisque
696 3124 752 3198 vel
770 3125 963 3199 nocentior
977 3122 1035 3198 vel
1051 3123 1280 3200 innocentior

216 3238 427 3339 apparebat,
445 3240 502 3313 vel
520 3239 628 3313 exilio
645 3239 827 3340 deportari
843 3241 920 3339 (a),
938 3240 995 3314 vel
1011 3237 1162 3313 detondi
1180 3254 1280 3341 utque

218 3358 256 3428 in
282 3356 508 3429 monasteriis
534 3357 753 3430 conversari.
782 3356 902 3458 Atque
928 3355 983 3429 his
1011 3354 1278 3456 indispositis,

218 3474 292 3572 ipse
308 3499 391 3545 cum
411 3475 569 3549 maximo
588 3474 748 3548 exercitu
761 3475 988 3547 Britanniam
999 3498 1208 3575 aggressus,
1223 3498 1281 3575 ge-

218 3588 376 3663 neralem
402 3605 623 3664 conventum
645 3590 799 3666 Venedis
826 3590 964 3664 habuit.
992 3589 1082 3666 lude
1103 3616 1279 3665 mmort-

218 3723 289 3779 tam
308 3708 532 3806 provinciam
549 3709 746 3808 ingressus,
765 3710 878 3808 captis
899 3705 1092 3782 rebellium
1113 3706 1279 3781 munitio·

218 3823 342 3912 nibus,
370 3823 470 3897 brevi
494 3838 608 3898 totam
628 3828 667 3898 in
692 3852 792 3899 suam
814 3839 1029 3926 potestatem
1052 3850 1131 3901 non
1155 3846 1279 3925 muguo

256 4090 296 4155 (ι)
316 4089 377 4144 Vox
391 4088 588 4144 Ber-ahardum
601 4109 616 4143 a
630 4089 739 4145 Pcrtzio
752 4089 901 4143 omittitur.

256 4180 293 4241 (a)
313 4177 346 4231 ll.
361 4177 447 4251 Bonq.
460 4196 523 4233 cnm
534 4178 654 4235 Nueuar,
665 4179 765 4235 comite
778 4203 783 4231 :
800 4180 882 4234 exilio
894 4178 1039 4250 proscribi.
