3000 5272
213 429 271 490 186
645 425 833 488 KAROLUS.

209 580 292 631 eum
312 557 350 628 in
368 556 492 629 eodem
509 558 637 656 proelio
654 582 773 631 secum
799 556 985 630 baberent.
1005 556 1089 631 ldeo
1109 557 1190 632 sine
1207 552 1270 632 illo

209 701 291 747 cum
300 674 500 748 Saxonibus
511 674 680 776 congredi
695 676 907 761 decernunt,
920 673 1142 774 sumptisque
1148 675 1268 761 trusis,

211 816 285 864 non
299 792 397 891 quasi
413 791 457 862 ad
474 790 614 866 hostem
632 792 670 863 in
686 793 761 864 acie
773 805 945 877 stantem,
961 789 1022 863 sed
1037 790 1139 891 qussi
1155 787 1201 862 ad
1213 787 1270 862 lli-

209 909 387 1008 gientium
408 922 505 1007 terga
531 908 747 1008 insequenda
768 907 951 1008 spoliaque
972 904 1176 1005 diripienda
1197 906 1268 1004 (ι),

210 1038 323 1123 prout
338 1046 519 1123 quemque
535 1023 703 1096 velocitas
719 1025 801 1123 equi
825 1023 878 1094 sui
902 1022 1053 1110 ualent,
1073 1042 1146 1121 qua
1164 1020 1272 1093 Suo·

212 1165 275 1212 nes
298 1164 368 1237 pro
385 1140 507 1210 castris
534 1139 571 1210 in
592 1139 668 1212 acie
696 1136 857 1227 stabant,
884 1137 1132 1238 unusquisque
1149 1156 1271 1210 eorum

212 1280 349 1327 summa
362 1253 593 1328 festinatione
606 1254 871 1352 contendit(a).
887 1253 970 1346 Quo
981 1272 1066 1325 uam
1079 1248 1273 1326 murlo

212 1386 441 1471 perventum,
457 1373 549 1444 male
558 1373 665 1445 etiam
676 1388 873 1472 pugnatum
886 1385 957 1460 est3
973 1394 1071 1458 nam,
1083 1368 1274 1443 commisso

213 1485 355 1586 praelio,
373 1487 609 1560 circumventi
626 1511 645 1558 a
668 1484 889 1574 saxonibus,
907 1508 999 1585 pene
1014 1506 1145 1560 omnes
1161 1484 1275 1557 intor-

214 1601 299 1675 fetti
315 1619 414 1674 suut.
434 1602 505 1694 Qui
521 1620 639 1676 umen
653 1602 799 1676 evadere
815 1616 1032 1702 potuerunt,
1047 1622 1129 1676 uon
1146 1599 1188 1673 in
1201 1620 1272 1683 tut,

215 1719 311 1791 unde
335 1719 489 1818 profecti
518 1737 623 1809 sunt,
649 1721 709 1794 sed
736 1722 774 1792 in
793 1717 1004 1794 Theoderici
1032 1733 1170 1805 castra,
1197 1736 1276 1816 qut

216 1848 315 1907 tram
332 1850 495 1908 montem
517 1851 638 1924 erant,
655 1835 827 1936 fugiendo
845 1847 1102 1934 pervenerunt.
1122 1830 1276 1906 Sedu-

210 1954 272 2049 jcr
288 1951 435 2024 Francis
452 1974 560 2051 quam
583 1978 652 2051 pro
664 1976 817 2026 numero
826 1954 966 2052 jactura
982 1949 1073 2036 tuit,
1084 1948 1172 2049 quis
1183 1946 1276 2047 lqu-

217 2083 340 2140 torum
362 2067 454 2159 duo,
479 2068 662 2168 Adalgisus
686 2084 725 2142 et
744 2068 870 2156 Geilo,
903 2067 1078 2141 comitum
1101 2077 1275 2164 quatuor,

214 2183 443 2285 aliorumque
467 2185 649 2259 clarorum
674 2202 781 2286 atque
805 2185 987 2258 nobilium
1012 2208 1128 2283 usque
1155 2179 1203 2255 ad
1225 2179 1278 2250 vi·

214 2299 309 2399 giuti
326 2299 529 2387 interlecti,
546 2318 678 2399 praeter
693 2316 864 2389 ceteros,
877 2301 940 2400 qui
954 2297 1019 2372 hos
1034 2296 1203 2398 sequuti,
1216 2317 1279 2394 pc-

216 2415 287 2488 tius
312 2440 397 2489 cum
412 2417 464 2489 eis
486 2420 605 2516 perire
619 2445 728 2518 quam
743 2434 828 2517 post
842 2441 903 2491 eos
921 2417 1041 2489 vivere
1058 2412 1277 2488 malumm,

216 2532 326 2630 Cujus
351 2534 403 2608 rei
427 2536 599 2608 nuntium
616 2561 700 2608 cum
715 2559 781 2608 rex
799 2533 991 2634 accepisset
1008 2534 1086 2631 (5),
1103 2528 1201 2604 nibil
1215 2526 1279 2602 sibi

217 2650 461 2725 cunctandum
473 2650 687 2741 arbitratus,
705 2653 858 2727 collecto
874 2651 1086 2725 festinanter
1102 2647 1279 2733 uertite,

219 2766 258 2837 iu
286 2767 477 2840 Saxoniam
506 2769 769 2867 proficiscitur,
797 2769 992 2867 accitisque
1012 2767 1059 2839 ad
1079 2791 1119 2840 so
1144 2763 1281 2839 cuucfit

219 2879 401 2954 Saxonum
427 2881 674 2980 primoribus,
692 2884 736 2958 de
761 2882 969 2958 auctoribus
984 2882 1089 2955 fectoe
1105 2879 1282 2954 defectio·

219 2997 276 3070 uis
292 2999 492 3098 inquisivit.
511 3001 562 3073 Et
578 3027 660 3073 cum
674 3026 799 3075 omnes
813 3000 1079 3074 widokindum
1091 2997 1202 3098 bujus
1213 3020 1281 3070 sct-

219 3115 302 3189 leris
315 3132 498 3190 auctorem
514 3118 800 3217 proclamarent,
820 3145 902 3194 eum
920 3132 1040 3193 tamen
1059 3115 1205 3190 mone
1217 3140 1282 3189 no-

219 3234 386 3332 quirent,
412 3262 456 3310 eo
475 3235 574 3336 quod
594 3237 623 3309 is
639 3264 680 3310 re
702 3252 902 3337 perpetrata
918 3235 963 3309 ad
980 3236 1234 3309 Narem-nau·
1248 3255 1282 3305 st

219 3352 443 3440 contulerat,
461 3370 699 3442 ceterorum,
722 3357 786 3455 qui
814 3355 1033 3454 persuasioni
1050 3356 1129 3451 ejus
1143 3373 1282 3426 mem

219 3483 381 3568 gerentes
403 3484 544 3542 tantum
566 3471 705 3544 facinus
728 3487 969 3570 peregerunt,
987 3495 1101 3569 usque
1125 3467 1174 3542 sd
1195 3492 1283 3569 qm-

220 3597 306 3656 tuor
324 3584 421 3655 milia
438 3586 627 3686 quingenti
646 3587 788 3676 traditi,
803 3604 840 3661 et
857 3613 964 3687 super
983 3585 1129 3659 Aleram
1147 3587 1203 3685 (4)
1218 3582 1281 3657 flu·

252 3844 292 3914 (ι)
310 3844 430 3900 Numae.
444 3862 536 3900 comes
549 3870 554 3899 :
569 3846 774 3922 &fugientem
785 3843 965 3904 retundunt.
984 3842 1081 3921 reign
1097 3842 1212 3920 um
1222 3856 1282 3916 m

220 3935 312 4007 bisque
325 3933 454 4004 diripere.

254 4023 295 4093 (s)
312 4019 434 4076 Nueasr.
449 4036 560 4078 mures·
576 4023 750 4080 adoriantur.

256 4108 295 4182 (3)
315 4111 437 4166 Numer.
452 4126 560 4167 cotun:
577 4116 751 4184 resupinet.

257 4202 295 4270 (ll
315 4201 356 4255 ΑΙ.
372 4203 500 4257 Aletum.
