3000 5272
215 434 256 493 98
466 427 561 488 ἮΤΑ
584 425 730 486 tttttott
753 425 1026 490 tttrlstttwttts.

215 565 265 636 ita
280 561 507 648 construxit,
527 574 569 631 ut
592 561 799 658 perenniter
811 559 941 634 durare
960 586 1064 660 posse
1081 561 1272 650 videretur,

215 681 264 752 ita
275 676 393 751 tribus
410 676 509 749 horis
522 674 678 748 fortuitu
695 676 752 774 (1)
767 676 934 750 incendio
951 677 1201 780 conflagravit,
1215 695 1271 765 at,

214 793 463 897 praeterquod
483 819 573 894 aqua
592 793 796 892 tegebatur,
818 820 863 867 ne
885 820 956 867 una
978 795 1128 895 quidem
1145 795 1272 871 hastula

213 940 257 988 ex
271 939 315 987 eo
331 926 547 985 remaneret.
570 911 648 1008 lpse
659 935 805 1010 quoque
822 935 906 982 cum
922 910 1087 984 ultimam
1109 912 1151 984 in
1167 912 1272 987 Saxo·

213 1031 312 1104 niam
340 1027 605 1127 expeditionem
633 1040 757 1098 contra
782 1024 1018 1100 Godelridum
1049 1028 1131 1127 (a),
1161 1054 1272 1131 regem

213 1147 421 1230 Danorum,
440 1159 577 1245 ageret,
597 1143 749 1243 quadam
777 1141 856 1235 die,
875 1170 957 1216 cum
968 1198 978 1232 ,
1005 1160 1090 1220 aute
1111 1164 1271 1222 exortam

213 1263 311 1350 solis,
326 1261 448 1334 castris
459 1286 628 1360 egressus,
646 1261 825 1358 iteragere
839 1261 1020 1361 coepisset,
1031 1263 1124 1336 vidit
1131 1281 1271 1365 repente

211 1379 388 1478 delapsam
402 1376 548 1450 coelitus
562 1402 645 1449 cum
659 1376 794 1476 ingenti
810 1376 947 1452 lumine
960 1379 1015 1477 (ὃ)
1031 1378 1180 1454 facema
1197 1380 1271 1455 dex·

213 1512 268 1568 tra
283 1495 321 1568 in
338 1495 520 1568 sinistram
536 1518 601 1591 per
614 1518 780 1566 serenum
792 1519 871 1565 aera
887 1510 1149 1586 transcurrere,
1166 1522 1270 1571 canc·

211 1612 329 1710 tisque
348 1608 417 1684 boc
431 1609 594 1709 signum,
613 1607 701 1707 quid
718 1606 969 1706 portenderet,
996 1607 1268 1697 admirantibus,

211 1723 332 1799 subito
347 1750 460 1824 equus
471 1749 578 1824 quem
592 1722 734 1796 sedebat
748 1724 821 1821 (4),
835 1724 949 1822 capite
964 1722 1135 1799 deorsum
1147 1752 1269 1813 merso,

211 1842 366 1930 decidit,
396 1867 550 1941 eumque
576 1856 650 1912 tam
675 1841 832 1939 graviter
856 1840 900 1913 ad
931 1856 1065 1917 terram
1092 1843 1206 1933 elisit,
1235 1859 1270 1917 ut

212 1959 322 2033 fibula
344 1959 415 2058 sagi
439 1971 543 2056 rupta
567 1955 756 2057 balteoque
784 1955 891 2057 gladii
916 1957 1109 2058 dissipato,
1134 1987 1156 2032 a
1177 1959 1270 2035 festi-

211 2073 382 2149 nantibus
401 2073 464 2174 qui
488 2072 636 2146 aderant
659 2073 833 2145 ministris
855 2089 1076 2164 exarmatus,
1101 2099 1181 2150 non
1203 2077 1269 2149 sine

211 2190 430 2266 adminiculo
453 2189 528 2288 (5),
553 2188 743 2262 levaretur.
762 2189 926 2261 laculum
946 2192 1055 2263 etiam
1071 2191 1176 2292 quod
1193 2208 1268 2267 tunc

210 2307 307 2384 forte
321 2333 431 2380 manu
448 2303 611 2391 tenebat,
630 2305 678 2376 ita
690 2305 849 2405 elapsum
864 2320 918 2378 est
926 2358 937 2395 ,
957 2322 1000 2378 ut
1015 2307 1149 2408 viginti
1165 2308 1222 2383 rel
1232 2334 1267 2383 ea

211 2423 363 2525 amplius
379 2420 512 2522 pedum
533 2422 649 2521 spatio
670 2421 777 2521 longe
785 2425 932 2520 jaceret.
968 2422 1130 2498 Accessit
1144 2424 1190 2499 ad
1208 2422 1268 2499 hoc

246 2693 286 2762 (ι)
303 2690 355 2746 Sex
367 2687 449 2744 codd.
454 2687 589 2761 fortuito.
600 2687 710 2743 -Cod.
724 2687 850 2744 Gotban.
855 2687 942 2760 sorti.

247 2786 286 2854 (a)
302 2781 359 2839 All.
387 2781 577 2855 Gotosrr'dum,
610 2780 811 2854 Godofridum,
839 2781 1040 2856 Dogqsrr'dam,
1071 2782 1263 2859 Togeffn'du,

213 2869 412 2945 logosndm,
430 2868 609 2941 Godsridum.

246 2958 286 3032 (5)
304 2956 396 3015 Codd.
408 2955 570 3014 Vindobon.
584 2953 636 3012 538
647 2966 676 3010 et
688 2956 836 3013 Zwetlens.
851 2958 922 3013 luce.

246 3050 285 3120 (4)
301 3045 394 3104 Codd.
406 3063 487 3118 quem
494 3063 580 3116 super
589 3043 704 3099 sedebat
709 3071 718 3108 ,·
731 3064 817 3119 super
827 3066 952 3121 quem...
961 3072 971 3111 ,-
980 3049 1009 3102 ia
1022 3066 1143 3122 qao....,·
1154 3050 1202 3105 eni
1209 3047 1265 3103 ιἰιιιὶ

213 3139 307 3194 debat.

248 3229 288 3302 (5)
305 3227 372 3285 Noa
381 3227 459 3282 deest
467 3227 497 3280 iu
509 3243 555 3281 aex
564 3224 662 3293 codd.;
678 3243 735 3280 non
744 3225 814 3282 nulli
825 3228 931 3284 habent
940 3247 1006 3292 ιιιι),Ι
1021 3227 1184 3303 quindecim
1196 3224 1266 3284 aadt

214 3329 251 3373 et.
269 3348 302 3360 -
316 3315 387 3374 Cod.
407 3313 548 3370 bodleian.
563 3314 605 3383 fl,
624 3312 680 3390 39:
696 3325 860 3372 exarmatus
877 3327 927 3373 aut
941 3319 1001 3373 sine
1014 3318 1152 3383 amiculor
1164 3311 1267 3394 (ΜΗ

213 3409 268 3466 boc
285 3408 399 3463 verbum
413 3406 545 3475 meula,
565 3405 642 3481 quod
655 3405 753 3479 legunt
767 3419 872 3482 septem
885 3407 969 3465 codd.
983 3408 1143 3478 (Bodleian.
1156 3407 1266 3469 attat.

213 3497 388 3572 Cantabris„
400 3496 564 3555 vindobon.
581 3495 622 3565 16,
636 3496 789 3568 bremens,
801 3498 898 3555 Jacobi
911 3499 1019 3556 Morell.
1031 3510 1062 3556 et
1071 3498 1267 3575 Goldaetilpt

214 3606 345 3664 germano
355 3587 500 3654 habeatur,
510 3604 605 3642 sensns
612 3586 693 3659 longe
700 3586 825 3645 diversus
830 3599 981 3663 apparetet
989 3599 1057 3647 tnnc
1069 3588 1164 3647 lemn
1171 3589 1267 3647 elero-

212 3677 372 3736 timendum
379 3693 437 3732 ease
445 3686 566 3731 constat:
579 3677 774 3751 .....Utfibula
783 3680 937 3753 sagimpta
945 3680 1092 3755 balteoque
1099 3676 1268 3755 gaditana

211 3776 287 3842 pato,
294 3785 314 3821 a
312 3763 521 3841 festinantibus
526 3766 577 3836 qai
585 3763 706 3820 adamat
714 3769 849 3822 mmmtrrlr
856 3768 1057 3839 exarmatuafi.
1068 3784 1095 3823 e.
1105 3764 1266 3836 aineun‘fll

212 3866 240 3912 at
251 3859 312 3913 sine
324 3853 443 3910 amanto
456 3852 486 3922 (i.
499 3869 524 3907 e.
534 3851 727 3925 siueamictu),
742 3856 890 3912 levaretur.
900 3888 933 3899 -
943 3855 1070 3913 Gallice:
1087 3876 1206 3914 ...me
1215 3861 1267 3912 nt

212 3945 379 4002 deaiolenee
388 3961 442 4017 que
450 3941 571 4015 l’agrase
578 3942 613 3997 de
621 3963 731 4020 sasaye
740 3946 832 4019 easut
839 3947 980 4016 arracbe'e,
991 3967 1043 4004 son
1053 3942 1265 4009 matrerm

212 4046 240 4090 et
253 4035 321 4109 qu’il
334 4051 362 4089 se
374 4043 471 4087 trouva
485 4048 546 4085 sans
559 4049 648 4088 armes
661 4044 689 4088 et
702 4052 763 4090 sana
776 4047 905 4092 manteau
917 4036 1029 4112 lorsque
1042 4038 1084 4093 les
1098 4036 1219 4115 officim
1227 4034 1268 4109 μ’

211 4127 402 4180 l'entourar'ent
415 4121 639 4195 s'empresserenr
648 4122 683 4178 de
691 4125 717 4178 Ie
727 4127 838 4181 relever.
852 4126 936 4198 Quod
945 4126 1060 4202 quidem
1071 4125 1150 4183 bend
1161 4123 1266 4183 tmda

211 4215 300 4269 nubile
313 4226 353 4269 est
366 4224 393 4267 et
407 4212 470 4267 ideo
482 4230 537 4266 noa
552 4230 664 4284 prorsus
677 4213 767 4270 forsan
781 4216 973 4288 rejiciendum.
990 4215 1114 4277 Videant
1126 4215 1239 4275 eruditi.
