3000 5272
392 735 661 835 lNClPlT
704 730 1093 833 PROLOGUS.

676 1017 818 1026 ψ

211 1210 339 1302 Vani
354 1243 390 1299 et
408 1226 736 1311 conversationem,
753 1239 843 1296 etex
860 1240 961 1322 parte
975 1252 1049 1298 non
1066 1225 1204 1298 modica
1222 1255 1278 1302 res

211 1361 324 1446 gestas
337 1342 461 1416 domni
480 1358 515 1414 ct
534 1341 726 1413 nutritoris
740 1341 809 1413 mci
828 1343 970 1431 Karoli,
990 1344 1277 1418 excellentissimi

211 1477 248 1533 et
262 1460 393 1532 merito
408 1457 632 1531 famosissimi
646 1457 752 1555 regis,
765 1472 954 1555 postquam
969 1457 1125 1532 scribere
1138 1462 1278 1533 animus

213 1576 315 1663 tulit,
334 1587 467 1674 quanta
484 1573 587 1672 potui
600 1570 776 1645 brevitate
788 1574 995 1671 complexus
1012 1600 1110 1663 sum;
1132 1600 1279 1674 operam

212 1690 443 1791 impendens,
464 1707 507 1761 ut
523 1689 566 1762 de
584 1688 638 1760 his
656 1715 738 1789 quae
762 1688 806 1761 ad
827 1717 942 1763 meam
960 1693 1128 1764 notitiam
1145 1721 1279 1791 perve-

212 1808 293 1880 nire
317 1821 539 1905 potuerunt,
562 1804 655 1877 nihil
680 1805 908 1894 omitterem,
938 1834 1053 1908 neque
1073 1809 1281 1907 prolixitate

213 1923 385 1994 narrandi
403 1947 496 1994 nova
513 1945 667 2020 quaequc
683 1920 942 1994 fastidientium
960 1925 1099 1997 animos
1116 1924 1281 1999 offende-

212 2064 312 2123 rem;
339 2037 369 2111 si
387 2052 504 2108 tamen
526 2032 594 2107 hoc
612 2035 688 2107 ullo
707 2035 816 2109 modo
835 2037 942 2109 vitari
967 2053 1105 2136 potest,
1124 2055 1166 2111 ut
1186 2067 1279 2114 nova

213 2154 409 2252 scriptione
427 2154 480 2250 (ι)
504 2177 578 2224 non
602 2151 847 2240 offendantur,
867 2155 930 2252 qui
951 2173 1067 2228 vetera
1092 2172 1128 2229 et
1151 2185 1169 2229 a
1194 2160 1281 2231 viris

213 2268 429 2343 doctissimis
439 2282 547 2366 atque
556 2265 795 2338 disertissimis
806 2266 967 2341 confecta
982 2288 1216 2345 monumenta
1228 2277 1281 2372 (a)

214 2383 416 2458 fastidiunt.
442 2384 490 2456 Et
513 2406 721 2482 quanquam
740 2383 799 2480 (ὅ)
820 2384 940 2481 plures
962 2411 1034 2460 esse
1059 2414 1133 2463 non
1159 2391 1283 2463 ambi-

215 2530 315 2602 gam,
331 2503 393 2604 qui
412 2504 489 2575 otio
506 2528 546 2572 ac
563 2502 692 2575 litteris
708 2500 841 2594 dediti,
859 2518 990 2575 statum
1008 2508 1074 2578 aevi
1097 2511 1283 2605 praesentis

216 2644 294 2691 non
314 2615 540 2689 arbitrentur
567 2617 615 2688 ita
638 2615 912 2717 negligendum,
941 2636 982 2690 ut
1000 2623 1308 2720 omnia'2penitusx

217 2761 298 2835 qum
315 2759 413 2805 stunc
431 2732 547 2819 fiunt,
565 2733 664 2805 velut
686 2734 784 2806 nulla
800 2737 973 2810 memoria
991 2736 1119 2839 digna,
1139 2741 1284 2815 silentio

219 2864 326 2947 atquc
353 2842 530 2918 oblivioni
557 2844 762 2934 tradantur,
790 2850 981 2950 potiusque
1004 2853 1134 2943 velint,
1162 2883 1285 2947 amore

220 2963 470 3037 diuturnitatis
488 2961 617 3050 illecti,
636 2961 791 3035 aliorum
808 2967 978 3062 praeclara
995 2969 1087 3042 facta
1104 2950 1287 3072 qualibus·

222 3107 366 3182 cunque
392 3080 533 3179 scriptis
560 3079 733 3167 inserere,
757 3106 865 3180 quam
892 3087 944 3157 sui
969 3090 1127 3162 nominis
1154 3090 1286 3166 lamam

223 3198 444 3300 posteritatis
463 3197 647 3270 memoriae
664 3195 755 3268 nihil
772 3197 962 3276 scribendo
982 3204 1208 3299 subtrahere,
1231 3226 1288 3283 ta-

224 3343 309 3389 men
323 3312 368 3386 ab
386 3312 629 3413 hujuscemodi
643 3314 839 3411 scriptione
852 3343 927 3392 non
940 3322 1136 3397 existimavi
1150 3342 1289 3437 tempe-

228 3433 396 3518 randum,
411 3429 557 3531 quando
573 3430 662 3502 mihi
678 3430 840 3504 conscius
853 3460 962 3524 eram,
978 3439 1121 3513 nullum
1134 3469 1172 3515 ea
1187 3471 1291 3518 vcra-

230 3549 306 3619 cius
330 3573 437 3646 quam
462 3572 520 3616 me
545 3543 701 3618 scribere
723 3571 843 3643 posse,
866 3548 997 3648 quibus
1022 3556 1095 3652 ipse
1118 3548 1288 3645 interfui,

231 3659 726 3764 ‹quaequcp1·aescnsoculata,
747 3677 786 3733 ut
802 3661 929 3735 dicunt
943 3666 1013 3762 (4),
1031 3668 1101 3761 lide
1117 3677 1288 3773 cognovi,

232 3816 338 3825 .--.-
345 3813 561 3822 ...α--

984 3820 1291 3839 —————-—n

268 3887 308 3952 (a)
326 3881 415 3936 Codd.
433 3881 500 3951 ch.
517 3882 602 3935 Paris.
617 3879 687 3955 5925
697 3893 725 3938 et
738 3880 807 3958 5927
820 3908 825 3936 :
840 3883 978 3958 descripta
988 3908 1031 3942 nc.

269 3973 307 4041 (a)
325 3970 370 4025 Sic
382 3969 414 4022 D.
431 3969 556 4040 llouquet
570 3988 632 4022 cum
648 3969 785 4044 plerisque
798 3971 954 4040 codicibas;
971 3976 1064 4043 Porta,
1081 3986 1256 4037 neom'mentn.

271 4058 311 4127 (3)
331 4060 391 4113 o'on
407 4056 474 4110 nulli
488 4056 567 4111 codd.
581 4063 716 4130 qumvis.

272 4151 309 4215 (l)
328 4151 359 4200 (ἶ,
374 4147 441 4215 llcg.
458 4145 534 4198 Paris
558 4144 624 4210 53:34
639 4172 642 4179 ·
650 4148 763 4219 serunt.
