3000 5272
208 449 224 484 c
468 422 706 485 TESTIMONIA
728 423 780 484 DE
802 422 1017 487 tttrttttttoo

307 646 366 698 xrr.
385 644 433 696 nx
450 643 665 697 nuunmnus
682 642 936 698 ronanusmus
951 642 1121 697 eruamur
1137 646 1180 711 (ι).

251 799 320 860 836.
344 798 504 879 Imperator
520 800 549 857 in
568 798 675 878 palatio
694 797 901 858 Thiodenbove
915 801 959 875 (2)
972 810 1151 859 conventum
1161 796 1263 870 babuit,

211 896 249 957 ad
259 918 344 978 quem
357 895 527 954 Hlotbarius
547 894 645 954 venire
660 915 718 951 non
739 896 851 974 potuit,
870 894 939 976 quia
953 896 1083 977 graviter
1099 906 1130 955 et
1142 893 1266 975 nequem

213 992 442 1072 desperationem
456 991 613 1072 aegrotarit.
626 990 692 1065 Quo
708 1003 836 1069 peracto,
849 992 1008 1072 imperator
1017 990 1057 1052 ad
1066 988 1266 1052 Franeonoiurd

172 1157 175 1161 ¹
212 1088 308 1159 veuit,
324 1085 392 1145 inde
406 1085 444 1145 ad
458 1098 571 1144 sanctos
585 1084 788 1144 Marcellinum
805 1098 833 1144 et
851 1086 967 1145 Petrum
981 1086 1036 1163 (3),
1052 1098 1084 1146 et
1097 1084 1169 1147 inde
1180 1084 1218 1147 ad
1228 1084 1269 1145 Ia·

213 1182 382 1263 gilenheim,
393 1194 422 1242 et
428 1182 497 1242 inde
510 1180 548 1241 nd
558 1182 691 1262 Aquense
700 1181 841 1263 palatium
852 1181 949 1242 rediit.

368 1399 440 1451 xm.
458 1398 507 1450 nx
523 1398 788 1451 cunarumnm
803 1399 1132 1456 nauansnaueusr.
1150 1394 1206 1491 :qa
1218 1388 1266 1434 n.-

614 1512 656 1562 Dn
673 1513 887 1564 attentatum.

258 1641 389 1719 Qualiter
401 1662 470 1700 vero
484 1641 558 1700 cella
571 1640 781 1714 Micblenstatt‚
796 1642 849 1701 sub
864 1639 917 1703 boe
936 1641 1069 1723 piissimo
1084 1642 1227 1725 principe,
1237 1662 1276 1723 per

218 1728 411 1796 venerabilem
441 1734 621 1795 Etuuanuou
652 1735 891 1797 Lauresbamensi
919 1738 1098 1798 monasterio
1124 1739 1276 1810 ecem,

219 1844 306 1913 prout
321 1854 339 1891 a
356 1831 513 1910 majoribus
531 1833 635 1891 nostris
658 1833 801 1891 memoriae
816 1832 954 1893 traditum
968 1846 1032 1907 est,
1050 1834 1276 1917 perstringant.

220 1922 272 1984 Est
287 1925 365 1984 enim
380 1945 424 1984 res
441 1936 502 1983 tum
519 1927 637 2007 cognitu
650 1940 676 1985 et
699 1927 889 1991 admiratione
903 1927 1012 2008 digna,
1036 1941 1103 1991 tuan
1125 1929 1278 2011 quautarel

220 2020 316 2102 qualis
330 2020 402 2079 olim
421 2021 579 2101 imperialis
599 2022 776 2082 exceltentiae
792 2035 821 2082 et
834 2043 900 2103 erga
920 2021 1054 2083 subditos
1069 2024 1167 2105 pietas
1184 2038 1213 2085 et
1226 2046 1277 2107 erp

222 2116 338 2177 devotos
352 2115 529 2191 liberalitas,
543 2128 573 2177 et
584 2137 652 2198 erga
666 2139 783 2187 suorum
797 2138 929 2181 excessus
940 2116 1099 2187 clementia
1112 2116 1218 2195 luerit,
1227 2120 1280 2181 ut-

222 2210 294 2271 dens
307 2211 481 2292 exemplum.

264 2308 322 2366 Hie
336 2308 424 2390 igitur
437 2307 682 2388 archicapellanus
698 2308 883 2387 notariusque
894 2308 1078 2387 imperatoris
1091 2308 1214 2385 Karali,
1226 2332 1279 2371 ern

222 2406 253 2463 in
275 2403 341 2462 aula
360 2404 439 2485 regia
454 2402 640 2463 laudabiliter
653 2405 779 2462 serviens
798 2403 963 2483 diligeretur
982 2404 1020 2463 nb
1034 2406 1194 2483 omnibus,
1207 2406 1281 2469 atti·

223 2521 338 2581 quoque
352 2500 440 2579 ipsius
451 2499 648 2579 imperatoris,
662 2498 754 2557 Imma
765 2498 898 2571 nomine,
913 2498 974 2581 regi
985 2497 1162 2561 Graeoorunr
1176 2500 1284 2583 despar-

224 2607 301 2668 sata,
319 2593 470 2653 amabatur
483 2593 641 2653 ardentius.
660 2592 849 2673 Aliquantum
863 2593 1001 2673 temporis
1015 2592 1160 2671 fluxerat,
1177 2608 1205 2655 et
1219 2616 1285 2655 amr

225 2690 353 2755 alternus
369 2689 498 2770 quotidie
521 2692 596 2753 iuter
611 2690 711 2748 ambos
733 2710 785 2768 per
806 2700 959 2770 augurenta
977 2690 1144 2755 erescebat.
1159 2690 1285 2771 Utrunque

226 2788 305 2845 enim
318 2786 402 2845 timor
411 2784 566 2847 retardavit
580 2797 609 2843 et
622 2786 742 2844 offensio
756 2785 854 2866 regia,
868 2806 906 2844 ne
919 2796 979 2843 tam
993 2786 1098 2866 gravia
1108 2784 1285 2849 conveniadt

226 2882 337 2941 inirent
351 2882 514 2943 conamina.
526 2879 582 2940 Sed
595 2902 676 2961 amor
690 2880 836 2960 improbus
851 2880 947 2940 omnia
963 2880 1070 2941 vineit.
1084 2880 1285 2967 Deniqueenu

227 2958 343 3041 idern
316 2994 360 3034 ιιι
372 2977 502 3057 egregius
517 2974 766 3035 irremediabiliter
776 2974 901 3035 amando
914 2987 1050 3037 estuaret
1057 3000 1226 3061 ,auroeqm
1238 2980 1286 3037 rin·

227 3072 302 3153 ginis
312 3092 364 3151 per
372 3072 581 3145 internuntium
589 3071 734 3151 appellare
741 3093 800 3130 non
809 3084 1004 3151 praesumeret,
1016 3094 1182 3135 novissime
1188 3086 1284 3157 sumpta

228 3168 264 3236 de
276 3167 429 3247 semetipso
443 3166 564 3240 fiducia,
577 3179 718 3226 nocturno
729 3179 857 3247 tempore
866 3166 991 3229 latenter
998 3166 1038 3228 ad
1049 3168 1159 3249 puelle
1167 3168 1284 3231 tendebat

227 3264 434 3323 babitaculum.
450 3261 562 3322 Ibidem
574 3284 642 3345 ergo
655 3264 772 3343 pulsans
793 3262 941 3337 clanculo,
958 3274 988 3325 et
1002 3266 1116 3327 intrare
1126 3268 1284 3349 perminus,

227 3373 366 3440 tanquam
380 3359 555 3417 allocuturus
571 3358 755 3438 juvenculam
773 3357 809 3417 de
823 3358 912 3439 regali
927 3356 1087 3447 mandato,
1104 3362 1205 3423 stetim
1215 3380 1282 3421 retas

228 3457 290 3514 vice
303 3455 379 3514 solus
389 3477 455 3513 cum
467 3454 526 3512 sola
538 3454 654 3513 secretis
666 3474 733 3513 usus
746 3452 892 3536 alloquiis,
903 3465 933 3512 et
943 3452 1018 3513 datis
1026 3454 1229 3541 amplexibus,
1238 3476 1283 3514 eu·

228 3554 289 3633 pito
304 3550 440 3612 satisfecit
455 3551 556 3609 amori.
577 3549 691 3608 Interea
712 3571 778 3608 eum
793 3551 852 3629 jam
865 3550 1125 3631 appropinquante
1140 3552 1207 3613 Inoa
1220 3550 1284 3627 diei,

228 3671 279 3729 per
298 3649 410 3707 silentia
432 3647 545 3719 noctis,
569 3645 646 3707 unde
667 3657 802 3718 venerat,
821 3644 936 3726 regredi
954 3644 1066 3723 vellet,
1086 3646 1128 3709 de
1147 3648 1287 3733 improvisa

227 3812 661 3822 .——-..---·-—--—-—.—-—

259 3895 343 3958 (t)En
346 3895 423 3955 hard,
440 3912 526 3944 moine
539 3893 572 3943 de
586 3890 677 3951 I'‚ulde
694 3901 789 3943 auteur
800 3890 834 3942 de
843 3890 870 3942 Ia
883 3892 1014 3958 premiere
1025 3894 1117 3959 partie
1127 3894 1176 3947 ‹les
1185 3894 1288 3949 Annales

227 3970 260 4022 de
276 3971 367 4029 Fulde
386 3972 412 4021 fu
415 3981 425 4019 t.
442 3970 515 4022 leoco
517 3981 606 4036 ntem}
607 3988 662 4019 ora
656 3988 681 4018 ιιι
698 3979 724 4020 et
740 3968 758 4018 l
761 3987 795 4018 ιιιι
810 3968 854 4020 des
867 3968 937 4020 deux
953 3970 1083 4036 premiere
1102 3974 1287 4027 continuatur

226 4008 398 4119 regnantia
412 4050 458 4101 se
473 4049 587 4101 annates
603 4048 745 4100 suenum
763 4048 796 4099 ae
812 4048 863 4099 ια
875 4050 925 4102 seo
940 4047 1020 4102 ιιίιι
1036 4052 1096 4109 ιιι.
1117 4052 1204 4113 mea,
1217 4058 1287 4120 ιαμ.

228 4138 291 4179 tom
302 4129 351 4181 I.»
334 4146 391 4194 pag.
403 4128 464 4191 360;
478 4127 512 4177 D.
527 4127 660 4194 Iiou‹,1uet
673 4127 728 4187 Vt,
743 4144 798 4177 aro.

259 4208 294 4271 (a)
306 4205 411 4255 ‘'Ilaionr
415 4204 468 4255 ille.

258 4284 483 4351 (tldse'ligenstn
486 4283 523 4334 dt.
