3000 5272
652 378 840 439 KAROLUS.

627 572 855 645 Dccxclx.

257 738 381 810 Romae
403 738 477 808 Leo
497 760 607 833 papa,
634 760 736 822 cum,
762 734 931 806 letaniam
951 735 1007 833 (ι)
1029 759 1274 834 promoturus,

213 857 257 930 de
287 854 470 928 Lateranis
496 851 540 924 ad
567 851 750 926 ecclesiam
778 849 872 925 beati
901 853 1104 941 laurentii,
1129 878 1216 952 quae
1239 853 1277 926 acl

213 973 437 1047 Graticulam
454 973 507 1068 (2)
523 987 687 1061 vocatur,
705 995 800 1070 equo
816 971 941 1044 sedens
956 986 1148 1071 pergeret,
1170 973 1209 1045 iu
1228 973 1279 1043 in-

212 1093 318 1165 sidias
342 1119 361 1162 a
385 1091 556 1162 Romanis
581 1089 767 1186 dispositas
794 1091 895 1186 juxta
922 1087 1071 1161 candem
1101 1087 1278 1163 basilicam

214 1207 355 1282 incidit.
380 1205 432 1278 lbi
448 1232 543 1306 equo
557 1205 733 1304 dejectus,
754 1220 790 1279 et
809 1205 921 1277 erutis
938 1204 1066 1293 oculis,
1089 1222 1133 1278 ut
1153 1204 1279 1305 aliqui·

213 1327 282 1400 bus
308 1326 424 1396 visum
450 1340 520 1408 est,
552 1323 671 1421 lingua
697 1348 842 1423 quoque
869 1337 1071 1421 amputata,
1102 1320 1224 1395 nudus
1244 1346 1280 1393 ac

214 1442 403 1517 semivivus
425 1440 462 1511 in
484 1439 598 1537 platea
616 1438 761 1511 relictus
787 1454 853 1511 est.
878 1439 1015 1512 Deinde
1029 1442 1134 1537 jussu
1159 1464 1280 1512 eorum

215 1561 279 1660 qui
298 1558 401 1656 hujus
417 1556 502 1629 facti
518 1571 680 1628 auctores
695 1555 815 1644 fuere,
835 1557 872 1628 in
890 1558 1154 1630 monasterium
1166 1557 1280 1629 Sancti

215 1677 353 1749 Erasini
378 1675 548 1774 martyris
572 1674 672 1747 velut
692 1672 736 1744 ad
761 1673 961 1747 curandum
985 1675 1137 1764 missus,
1162 1672 1281 1747 Albini

216 1790 414 1888 enjusdam,
432 1787 641 1860 cubicularii
658 1789 711 1860 sni
720 1842 732 1877 ,
748 1815 846 1875 cura,
862 1803 976 1862 noctu
987 1814 1053 1888 per
1069 1814 1222 1863 murum
1232 1787 1282 1861 ‹li-

217 1909 362 1992 missus,
382 1934 401 1978 a
415 1905 599 2004 Winigiso
616 1903 706 1979 duce
728 1905 910 2005 Spolitino
919 1959 931 1996 ,
946 1907 1009 2006 qui
1022 1905 1152 1981 audito
1165 1906 1281 2007 liujus·

216 2020 315 2096 modi
333 2021 494 2094 facinore
507 2021 661 2094 Romam
678 2019 830 2094 festinus
850 2019 1062 2109 advenerat,
1081 2037 1279 2123 susceptus,

217 2166 257 2211 ac
272 2138 471 2238 Spoletium
484 2135 656 2209 deductus
669 2153 734 2209 est.
751 2138 859 2235 Cujus
872 2138 924 2210 rei
939 2139 1114 2211 nuntium
1125 2164 1213 2211 cum
1224 2162 1282 2210 rex

216 2257 425 2355 accepisset,
443 2255 560 2352 ipsum
577 2255 742 2353 quidem,
758 2271 799 2326 ut
812 2255 985 2328 vicarium
999 2254 1123 2327 Sancti
1139 2253 1239 2329 Petri
1249 2268 1283 2328 et

215 2373 421 2446 Romanum
434 2369 662 2470 pontificem,
679 2397 762 2442 cum
776 2397 917 2444 summo
930 2371 1071 2444 honore
1083 2368 1130 2444 ad
1142 2398 1181 2445 se
1192 2396 1283 2472 pne·

217 2489 312 2588 cepit
330 2481 482 2571 adduci;
509 2486 578 2558 iter
604 2500 723 2559 tamen
750 2512 875 2574 suum,
901 2486 1000 2587 quod
1027 2487 1067 2559 in
1094 2487 1283 2563 saxoniam

216 2602 332 2675 lacere
352 2603 606 2688 constituerat,
629 2627 704 2673 nou
724 2602 860 2674 omisit.
884 2600 1018 2675 Habito
1039 2602 1165 2703 itaque
1179 2628 1283 2704 geue-

216 2718 281 2789 rali
294 2734 476 2791 conventu
490 2743 597 2815 super
610 2717 773 2790 Hrennm
787 2717 824 2788 in
835 2716 931 2806 loco,
946 2717 1009 2818 qui
1019 2716 1221 2819 lippeham
1234 2718 1283 2815 (3)

219 2849 380 2920 vocatur,
412 2832 533 2932 ibique
562 2832 688 2905 eodem
716 2858 821 2906 amne
848 2833 1054 2907 transmisso
1061 2887 1073 2924 ,
1098 2860 1186 2908 cum
1207 2847 1283 2909 toto

218 2951 377 3023 exercitu
412 2975 477 3023 suo
512 2948 555 3021 ad
589 2947 777 3021 Padabrun
803 2950 855 3048 (4)
887 2950 1051 3039 accessit,
1091 2948 1218 3054 ibique
1248 2949 1282 3023 in

219 3069 342 3141 castris
360 3067 566 3155 considens,
584 3066 766 3165 pontificis
784 3067 827 3139 ad
841 3094 877 3141 se
891 3068 1120 3168 properantis
1132 3082 1284 3169 praeeto-

218 3184 313 3256 latui·
325 3182 531 3257 adveutum.
546 3185 645 3255 Misit
659 3184 793 3256 interea
805 3184 979 3258 Karolum
993 3184 1111 3258 filium
1124 3210 1233 3259 suum
1243 3180 1282 3257 etl

218 3299 341 3374 Albim
365 3326 448 3373 cum
467 3318 568 3400 parte
592 3301 768 3374 exercitus
786 3317 938 3401 propter
955 3299 1122 3403 quaedam
1143 3300 1282 3405 negotia

253 3631 291 3700 (ι)
308 3626 398 3683 Codd.
410 3628 579 3696 Trevirens„
590 3626 728 3697 Hannon,
737 3628 919 3685 Vindobona.
930 3639 1084 3706 noetppo,
1092 3630 1281 3689 etFrelaerus:

219 3719 333 3773 leatania
357 3716 399 3771 vel
424 3717 546 3778 letania,·
567 3717 601 3770 D.
627 3719 715 3792 Bonq.
739 3737 803 3773 cnm
829 3719 950 3774 Nueuar.
972 3719 1100 3775 comite:
1123 3720 1235 3778 litanti.
1253 3749 1283 3763 ·-

220 3829 233 3856 a
244 3806 405 3871 Lemnium,
421 3805 460 3858 ait
472 3805 610 3874 Pertzius,
626 3806 680 3860 hoc
691 3807 752 3861 loco
766 3824 818 3880 pro
832 3806 873 3861 od
882 3806 924 3861 vel
941 3810 971 3862 in
983 3807 1118 3862 letam
1126 3806 1185 3865 dici
1195 3818 1281 3883 patet,

218 3897 248 3952 in
261 3897 334 3951 libro
346 3895 496 3969 pontificali
506 3896 652 3963 usitatum;
666 3897 700 3951 cs.
714 3897 782 3952 edit.
797 3897 939 3970 viganti,
955 3894 1060 3972 11,93,
1074 3894 1144 3968 αβ,
1158 3901 1221 3967 ²⁴⁴·
1231 3920 1245 3949 ι

253 3988 291 4056 (a)
310 3985 342 4038 D.
352 3985 447 4057 Bonq.,
457 3984 577 4039 Nuenar.
587 3986 844 4054 com.ctFreherns,
852 3984 1098 4059 eumquaeoodd„
1107 3986 1281 4045 emotum.

223 4096 226 4101 ·
255 4070 295 4140 (3)
314 4072 366 4126 All.
383 4073 524 4145 Lippiam,
536 4073 651 4144 Lippia,
665 4074 856 4146 Lippenlteim.

252 4162 290 4229 (4)
309 4161 341 4213 l)⁴
355 4163 441 4234 llouq.
457 4182 520 4216 cnm
536 4162 656 4216 Nucnar.
669 4165 770 4218 comite
786 4189 790 4215 :
808 4162 1054 4218 Podrabrunnam.
