3000 5272
209 402 270 470 250
646 398 835 459 nanctus.

210 549 329 604 tamen
345 557 432 628 papa
447 532 511 629 pio
526 531 655 604 affectu
673 529 767 629 apud
785 531 1042 628 imperatorem
1057 528 1275 617 intercessit,

208 676 293 723 nam
306 664 343 722 et
356 648 426 720 vita
445 663 481 723 et
497 645 748 723 membrorum
765 647 949 747 integritas
962 647 1012 721 eis
1025 672 1195 722 nonomen
1207 662 1276 720 est:

210 783 382 841 caeterum
405 793 473 866 pro
499 766 670 841 facinoris
694 765 943 866 magnitudine
965 764 1077 840 exilio
1099 763 1279 865 deportati

208 901 308 957 sunt.
325 883 437 981 Hujus
453 882 620 957 factionis
633 881 735 955 fuere
748 882 928 981 principes
941 879 1119 955 Paschalis
1135 903 1281 955 nonen·

211 1001 326 1073 clator
336 1015 372 1072 et
384 998 577 1098 Campulus
586 999 866 1097 sacellarius(1),
878 996 1029 1071 etmulti
1038 995 1101 1071 alii
1110 996 1282 1073 Romane

211 1116 313 1189 urbis
341 1114 559 1190 habitatores
587 1114 752 1205 nobiles,
779 1115 842 1215 qui
872 1113 981 1186 simul
1007 1138 1137 1187 omnes
1162 1112 1283 1189 eadem

213 1234 389 1307 sententia
420 1232 578 1306 damnati
607 1249 705 1305 sunt.
738 1232 920 1307 Ordinatis
948 1228 1079 1306 deinde
1108 1233 1283 1311 Rom

213 1348 314 1421 urbis
339 1365 375 1422 et
395 1348 584 1448 apostolici
607 1351 790 1449 totiusque
815 1347 926 1421 ltaliae
948 1372 1025 1421 non
1051 1361 1201 1421 tantm
1219 1372 1284 1445 po·

214 1466 331 1555 blicis,
347 1466 407 1540 sed
424 1469 532 1539 etiam
548 1467 792 1541 ecclesiasticis
805 1483 842 1539 et
853 1465 1002 1565 privatis
1020 1462 1131 1539 rebus
1143 1488 1285 1539 -mm

216 1600 291 1658 tota
300 1585 416 1660 hieme
425 1612 501 1660 non
510 1585 960 1684 aliudfecitimperator-
968 1584 1148 1684 missaque
1156 1583 1285 1657 iterum

218 1701 256 1771 in
276 1703 545 1775 beneventanos
567 1700 794 1801 expeditione
815 1725 898 1771 cum
919 1697 1076 1798 Pippino
1097 1696 1179 1771 filio
1200 1720 1283 1786 suo,

218 1818 292 1916 ipse
309 1830 392 1914 post
409 1817 560 1906 Pascha,
581 1844 633 1892 vu
652 1815 794 1890 kalend.
815 1816 924 1888 maias
945 1815 1062 1889 Roma
1080 1812 1284 1913 profectus,

218 1935 419 2033 Spoletium
433 1936 487 2033 (a)
505 1936 618 2008 venit.
638 1934 692 2006 lbi
710 1935 796 2006 dum
818 1949 925 2021 esset,
949 1957 975 2004 11
995 1930 1141 2013 kalend.
1160 1930 1285 2017 maias,

219 2051 306 2126 hora
320 2053 438 2126 noctis
454 2053 625 2141 secunda,
642 2069 750 2126 terrae
762 2067 883 2125 motus
896 2051 1074 2124 maximus
1089 2048 1211 2123 factus
1219 2063 1285 2134 est,

219 2195 294 2268 quo
308 2185 383 2243 tota
393 2170 493 2243 ltalia
505 2171 661 2269 graviter
674 2194 844 2243 concussa
857 2182 923 2241 est.
941 2167 1023 2261 Quo
1034 2180 1143 2241 motu
1154 2179 1288 2241 mum

219 2284 374 2359 basilicae
391 2286 486 2360 beati
504 2288 604 2359 Pauli
623 2287 777 2386 apostoli
794 2312 922 2386 magna
939 2312 983 2359 ex
999 2298 1103 2384 parte
1119 2308 1207 2357 cum
1222 2283 1289 2359 suis

220 2403 382 2477 trabibus
399 2404 550 2494 decidit,
566 2423 603 2480 et
620 2406 658 2477 in
672 2403 886 2505 quibusdam
899 2403 988 2479 locis
1003 2399 1113 2475 urbes
1129 2415 1290 2477 montet-

220 2546 291 2620 que
302 2538 470 2595 ruerunt.
486 2523 623 2597 Eodem
639 2547 737 2595 anno
751 2520 828 2594 loca
841 2519 1007 2620 quaedam
1020 2518 1290 2599 ancelbertum

222 2635 375 2708 llurium
392 2653 428 2710 et
446 2638 483 2711 in
498 2636 611 2711 Gallia
630 2654 666 2712 et
684 2639 721 2711 in
737 2635 930 2711 Germania
949 2634 1198 2709 tremuerunt.
1214 2632 1291 2709 Pe·

223 2752 360 2826 tilentia
378 2770 529 2853 propter
544 2755 736 2828 mollitiem
753 2752 897 2827 hiberni
918 2753 1092 2853 temporis
1113 2750 1212 2825 facta
1227 2763 1289 2825 est

222 2871 422 2968 Imperator
433 2870 477 2947 de
491 2872 652 2970 Spoletio
665 2873 873 2945 Ravennam
882 2871 1001 2959 venit,
1017 2886 1054 2944 et
1065 2869 1212 2970 aliquot
1222 2866 1290 2941 dia

224 2984 274 3059 ibi
293 3002 472 3075 moratus,
492 2989 636 3086 Papiam
654 2989 826 3087 perrexit.
846 2986 901 3060 lbi
921 2985 1183 3073 nuntiatura,
1205 2984 1291 3086 leff-

225 3119 280 3178 tos
293 3103 435 3192 Aaron,
453 3105 546 3204 regis
558 3107 764 3192 Persarum,
779 3120 928 3203 portum
945 3104 1000 3202 (3)
1015 3103 1112 3176 Pisas
1125 3102 1288 3187 intratum

224 3218 355 3318 quibus
380 3218 524 3294 obviam
550 3222 720 3311 mittens,
747 3223 844 3295 inter
869 3219 1054 3295 Vercellos
1084 3235 1123 3293 et
1152 3216 1290 3319 Epore-

224 3336 318 3409 diam
339 3339 393 3432 (4)
415 3363 474 3411 eos
495 3335 562 3410 sibi
584 3338 671 3412 lecit
692 3337 915 3437 praesentari.
936 3335 1040 3410 Unus
1059 3334 1162 3410 enim
1180 3359 1227 3411 ex
1247 3331 1290 3409 eit

228 3559 383 3630 majestatis
393 3561 443 3626 rei,
458 3562 548 3630 capite
560 3558 689 3613 damnati
700 3566 775 3612 sunt.
789 3587 825 3599 -
837 3557 892 3611 ch
909 3556 942 3609 Ι).
956 3555 1045 3629 Bouq.
1063 3554 1094 3608 iu
1108 3554 1187 3610 notit
1199 3550 1288 3609 addit:

229 3671 243 3698 a
262 3648 330 3720 Qua·
343 3658 500 3720 sequuntur
511 3669 597 3722 usque
610 3648 650 3705 ad
660 3668 767 3704 annum
779 3648 831 3714 tit
844 3646 992 3719 desumpta
1004 3654 1071 3703 sunt
1084 3664 1124 3703 a
1136 3643 1289 3703 Annattsa

228 3739 405 3793 Loiselianis.
417 3762 429 3788 u
444 3740 489 3794 Ad
499 3759 567 3815 quas
579 3742 710 3796 lectorem
722 3739 851 3794 reniittit.

262 3828 301 3897 (ι)
319 3828 360 3881 lta
373 3826 457 3882 habet
469 3828 503 3882 Ι).
519 3830 607 3903 Bouq.
627 3849 690 3883 cum
704 3828 772 3884 edit.
787 3837 816 3882 et
827 3826 941 3899 plerisq.
955 3822 1037 3881 codd.
1051 3853 1088 3869 ·-
1101 3824 1187 3921 Porta
1204 3848 1211 3879 :
1230 3822 1287 3879 Sat·

228 3918 368 3971 cellarius.

264 4009 302 4075 (a)
322 4007 366 4061 ΑΙ.
384 4007 535 4077 Spoletium.

265 4095 304 4166 (5)
324 4099 356 4151 D.
372 4098 458 4171 Bouq.
474 4080 629 4153 Porthmia
644 4100 733 4154 Pisas.

266 4188 304 4255 ll)
324 4187 366 4242 Al.
386 4190 546 4258 It'porrinm.
