3000 5272
225 426 266 486 68
481 423 575 485 vna
595 423 743 485 ninom
765 424 1038 489 nlruussums.

228 569 308 628 tum
325 580 429 627 suum
436 608 448 644 ,
479 555 516 628 in
536 555 644 631 domo
664 583 725 631 sua
749 559 925 646 retinuit,
943 560 1085 650 dicens,
1107 586 1144 636 se
1166 586 1285 636 earum

226 670 468 746 contubernio
491 698 609 746 carere
626 698 701 746 non
721 700 836 773 posse.
860 673 913 747 Ac
936 690 1086 775 propter
1100 674 1187 766 hoc,
1206 677 1287 753 licet

224 790 309 864 alias
333 789 437 876 felix,
469 789 625 865 adversae
650 790 811 865 fortunae
834 792 1093 893 malignitatem
1121 810 1288 895 expertus

224 922 295 995 est,
312 905 409 1007 quod
422 923 540 980 tamen
553 911 601 979 ita
614 907 866 998 dissimulavit,
881 935 922 982 ac
936 911 965 982 si
982 910 1026 984 de
1039 912 1089 984 eis
1105 911 1204 984 nulla
1221 937 1286 985 un·

223 1051 332 1126 quam
359 1024 507 1123 alicujus
528 1023 655 1124 probri
676 1026 831 1126 suspicio
856 1041 1002 1116 exorta,
1034 1026 1091 1101 vel
1119 1027 1211 1101 fama
1232 1031 1284 1126 (1)

222 1141 377 1240 dispersa
392 1139 531 1216 suisset.

270 1492 360 1567 XX.
373 1493 500 1566 Eratei
511 1491 606 1567 filius
614 1491 761 1565 nomine
771 1492 943 1590 Pippinus
952 1492 1018 1589 (a),
1029 1516 1073 1564 ex
1082 1490 1281 1566 concubina

219 1607 349 1698 editus,
360 1613 461 1709 cnjus
472 1610 566 1682 inter
573 1625 722 1682 caeteros
730 1608 846 1681 facere
854 1609 1078 1682 mentionem
1085 1607 1209 1682 distuli
1216 1614 1279 1707 (3);

218 1722 308 1797 facie
329 1725 476 1826 quidem
498 1723 660 1824 pulcher,
685 1724 745 1797 sed
761 1722 872 1824 gibbo
892 1725 946 1822 (4)
968 1724 1154 1798 deformis.
1175 1727 1210 1797 lc
1232 1729 1282 1824 (5)

220 1865 304 1911 cum
315 1854 430 1938 pater,
445 1838 543 1914 bello
556 1855 681 1913 contra
699 1840 826 1912 Hunos
839 1843 1003 1938 suscepto
1012 1841 1088 1936 (6),
1107 1840 1146 1913 in
1163 1843 1281 1940 llajoa·

218 1957 270 2029 ria
284 1956 518 2056 hiemaret(7)
526 2012 537 2046 ,
551 1955 764 2057 aegritudine
776 1955 960 2043 simulata,
976 1982 1059 2028 cum
1069 1954 1281 2057 quibusdam

217 2099 237 2146 e
251 2070 470 2172 primoribus
483 2074 723 2159 Francorum,
739 2073 802 2172 qui
814 2072 871 2169 (8)
884 2096 968 2144 eum
978 2098 1066 2144 vana
1078 2073 1181 2172 regni
1193 2099 1280 2172 pm-

216 2191 385 2265 missione
396 2190 595 2281 illexerant,
606 2191 771 2263 adversus
781 2205 919 2288 patrem
927 2190 1141 2288 conjuravit.
1150 2189 1276 2284 Quem,

215 2322 298 2407 poet
309 2306 471 2380 fraudem
482 2306 657 2380 delectam
668 2320 704 2379 et
712 2304 981 2378 damnationem
993 2307 1276 2403 conjuratorum,

215 2425 408 2499 detonsum
421 2426 458 2497 in
472 2422 644 2497 coenobio
657 2423 799 2495 Prumia
817 2421 873 2521 (9)
885 2422 1061 2522 religiosae
1072 2423 1159 2496 vilae
1166 2479 1180 2512 ,
1188 2427 1278 2522 jam-

214 2567 287 2643 que
303 2539 502 2629 volentem,
526 2565 649 2612 vacare
663 2537 839 2638 permisit.
859 2537 964 2609 Facta
981 2551 1085 2611 estet
1099 2537 1168 2610 alia
1180 2537 1277 2637 prius

216 2670 343 2729 contra
372 2682 455 2728 eum
485 2656 522 2728 in
550 2654 742 2728 Germania
770 2651 884 2725 valida
916 2653 1141 2752 conjuratio,
1179 2656 1277 2752 cujus

213 2787 377 2844 auctores
389 2772 521 2870 partim
535 2768 732 2843 luminibus
745 2767 881 2856 orbati,
897 2769 1029 2868 partim
1043 2767 1217 2842 ambria
1226 2769 1276 2841 iu-

213 2885 478 2983 columemo),
493 2911 618 2960 omnes
633 2901 751 2957 tamen
764 2883 872 2956 exilio
881 2883 1060 2983 deportati
1071 2898 1160 2957 sunt
1171 2883 1208 2984 (r
1219 2883 1254 2983 r)
1260 2910 1272 2970 ς

245 3237 285 3306 (ι)
303 3233 392 3288 Fama
403 3251 420 3287 a
432 3228 591 3306 llarquzrd.
605 3228 729 3285 Foehero
738 3238 768 3283 ct
779 3247 794 3282 a
807 3227 930 3283 Nuemr.
944 3229 1047 3283 comite
1056 3229 1207 3285 omittitur.

245 3325 285 3394 (a)
302 3323 347 3379 Al.
362 3322 490 3394 Pupulus.

243 3409 283 3482 0)
300 3410 326 3465 N
328 3429 424 3465 ueuar.
438 3425 512 3463 com.
517 3407 690 3485 prenuonem
700 3403 947 3477 nullunsmus.

243 3506 284 3572 ll)
302 3501 357 3557 au.
370 3500 468 3574 cubo,
493 3516 604 3572 erano,
618 3498 712 3567 arao·

242 3591 283 3664 (5)
299 3591 370 3648 eod.
386 3588 582 3646 florentinus:
596 3585 650 3639 lu's.

241 3681 282 3754 (6)
298 3681 369 3737 eoa.
384 3677 546 3735 virumn.
558 3673 612 3749 ⁶⁶7
626 3696 633 3727 ι
649 3673 796 3727 uum...
812 3672 943 3742 me.

242 3772 284 3847 (7)
300 3770 346 3826 ⁸5⁰
358 3770 392 3824 D·
409 3769 549 3841 W,
562 3781 627 3818 ⁰⁰¹³
645 3761 773 3835 plurimis
785 3758 883 3824 «addo
895 3758 993 3825 Pem.
1008 3775 1074 3814 m
1092 3775 1151 3813 ιιι
1167 3755 1269 3812 nullis:

243 4041 285 4114 (9)
301 4037 372 4095 eoa.
386 3985 547 4091 vim
563 4028 595 4083 16
608 3977 756 4081 [affl.

243 4129 302 4197 (ιο)
317 4124 407 4182 (odd.
420 4118 582 4180 vindobon.
597 4114 754 4185 ὤμω(
770 4127 837 4163 rm:
851 4110 1009 4164 mma.

241 4218 300 4286 (ιι)
317 4214 440 4271 llneuar.
454 4223 546 4265 m
561 4230 567 4258 ε
581 4209 611 4258 ia
628 4201 899 4257 uiuamus-ne
