3000 5272
213 407 271 466 172
646 402 833 463 KbROLUS'.

210 533 421 636 piendarum
444 534 666 633 quarundam
701 537 738 606 in
766 534 932 631 Hispania
964 535 1154 608 civitatum
1180 533 1271 609 baud

209 649 342 724 frustra
373 650 598 747 concipiens,
630 665 847 748 congregato
881 651 1059 740 exercitu,
1090 650 1272 749 profectus

213 784 284 855 est,
303 782 541 866 superatoque
556 768 594 839 in
607 768 753 866 regione
767 768 987 840 Wasconum
1006 767 1152 866 Pyrinei
1164 771 1270 869 jugo,

214 885 334 985 primo
351 883 607 983 Pompelonem
620 884 863 957 Navarrorum
886 883 1059 982 oppidum
1075 910 1272 986 aggressus,

214 1003 254 1074 in
279 1001 498 1074 deditionem
531 1001 678 1099 accepit.
706 1000 792 1073 Inde
821 998 996 1073 Hiberum
1018 1026 1164 1075 amnem
1188 1000 1275 1074 vado

213 1120 396 1207 traiciens,
417 1118 718 1219 cesaraugustam
736 1120 951 1218 praecipuam
967 1119 1108 1191 illarum
1119 1120 1276 1218 partium

213 1235 394 1308 civitatem
427 1236 588 1323 accessit,
625 1236 848 1336 acceptisque
881 1261 971 1335 quos
1000 1234 1217 1309 ibinalarabi
1243 1248 1277 1308 et

215 1349 429 1440 Abutbaur(
439 1355 482 1446 ι),
501 1377 663 1451 quosque
681 1351 741 1422 alii
766 1351 913 1450 quidam
931 1352 1114 1426 Sarraceui
1138 1350 1277 1425 obtule·

216 1484 321 1557 runt,
342 1467 547 1558 obsidibus,
567 1469 825 1568 Pompelonem
841 1470 1049 1543 revertitur.
1068 1471 1182 1568 Cujus
1199 1494 1279 1543 mn·

216 1610 297 1673 ros,
323 1611 369 1658 ne
398 1583 571 1659 rebellare
588 1602 726 1684 posset,
745 1586 788 1658 ad
811 1587 927 1660 solum
948 1612 1060 1686 usque
1083 1585 1276 1673 destruxit,

216 1726 257 1774 ac
274 1701 413 1801 regredi
437 1717 615 1789 statuens,
636 1703 781 1803 Pyrinei
803 1704 933 1776 saltum
960 1705 1140 1803 ingressus
1155 1719 1224 1777 est.
1241 1705 1278 1777 ln

219 1818 319 1915 cujus
342 1817 546 1889 summitate
561 1818 757 1890 Wascones
782 1818 916 1889 insidiis
938 1817 1141 1905 collocatis,
1162 1834 1281 1891 extre-

217 1955 318 2002 mum
329 1957 455 2031 agmen
472 1930 610 2022 adorti,
629 1948 747 2005 totum
764 1933 960 2005 exercitum
973 1959 1106 2032 magno
1124 1932 1281 2005 tumultu

219 2045 447 2144 perturbant.
476 2047 526 2117 Et
554 2048 636 2121 licet
662 2050 790 2120 Franci
808 2047 1048 2121 Wasconibus
1075 2063 1152 2119 tam
1179 2047 1282 2120 armis

220 2188 329 2263 quam
342 2164 469 2235 animis
481 2181 652 2262 praestsre
670 2163 877 2237 viderentur
890 2219 900 2252 ,
916 2180 1037 2236 tamen
1046 2180 1084 2237 et
1097 2164 1283 2264 iniquitate

222 2274 388 2349 locorum
414 2290 452 2346 et
476 2302 604 2375 genere
629 2275 773 2374 imparis
799 2302 930 2374 pugnee
956 2274 1146 2349 inferiores
1171 2273 1282 2349 effecti

221 2405 319 2463 sunt.
337 2392 379 2462 ln
397 2388 466 2463 hoe
486 2391 681 2463 certamine
697 2390 860 2490 plerique
877 2390 1098 2477 aulicorum,
1116 2415 1211 2490 quos
1225 2415 1283 2463 rex

223 2507 335 2606 copiis
362 2505 595 2604 praefecerat,
624 2503 804 2579 interfecti
834 2520 936 2593 sunt,
963 2504 1104 2604 direpta
1134 2504 1284 2604 impedi-

224 2639 361 2709 menta,
381 2641 417 2696 et
444 2624 555 2697 hostis
568 2641 718 2723 propter
735 2625 901 2696 notitiam
927 2624 1093 2697 locorum
1109 2625 1232 2697 statim
1252 2623 1283 2694 in

225 2739 361 2813 diversa
379 2739 532 2839 dilapsus
549 2756 614 2812 est.
636 2742 744 2836 Cujus
760 2740 919 2812 vulneris
939 2741 1099 2838 acceptio
1116 2742 1174 2838 (2)
1189 2766 1286 2838 mag-

227 2880 311 2926 nam
328 2872 466 2954 partem
493 2883 613 2929 rerum
632 2855 785 2927 feliciter
811 2857 848 2927 in
866 2856 1032 2955 Hispania
1054 2870 1237 2955 gestarum
1254 2856 1285 2926 in

228 2971 335 3046 corde
353 2974 445 3072 regis
462 2971 702 3045 obnubilavit.
727 2975 864 3045 interea
882 2975 1056 3062 Saxones,
1075 2974 1177 3046 velut
1189 2999 1288 3046 occa·

229 3090 367 3164 sionem
379 3090 492 3177 nacti,
506 3088 657 3186 sumptis
668 3088 774 3159 armis
787 3088 830 3160 ad
840 3091 1001 3162 Hrenum
1012 3116 1125 3190 usque
1136 3088 1286 3189 profecti

228 3221 325 3278 sunt.
353 3206 421 3279 Sed
446 3231 530 3277 cum
556 3231 698 3277 amnem
724 3206 872 3279 traicere
899 3232 973 3280 nou
999 3221 1165 3304 possent,
1186 3207 1287 3307 quic-

229 3323 318 3422 quid
333 3348 352 3394 a
367 3323 485 3394 Diutia
503 3322 646 3394 civitate
663 3348 775 3420 usque
800 3322 844 3394 ad
863 3321 1036 3396 fluentem
1058 3325 1109 3420 (3)
1134 3323 1287 3398 Moselle

264 3645 303 3714 (ι)
321 3643 376 3698 ΑΗ.
391 3643 539 3711 Adithaur,
555 3644 717 3699 Abietalrur.

266 3734 307 3802 (a)
324 3731 414 3787 Codd.
430 3731 592 3788 Vindobon.
606 3732 673 3801 654,
684 3733 755 3807 Reg.
765 3734 828 3788 Par.
837 3731 922 3807 5924,
933 3734 1060 3789 Hannon
1073 3745 1102 3789 et
1111 3735 1285 3791 Vindobona.

235 3839 284 3875 rro
302 3831 332 3876 et
351 3839 404 3895 99⁰
428 3845 434 3873 t
456 3822 583 3875 vulterris
600 3826 716 3892 accepti.
738 3854 768 3863 -
784 3822 922 3876 Freherus
945 3847 950 3875 :
975 3843 1005 3877 v.
1027 3826 1135 3895 accepti
1152 3823 1242 3878 dolor.
1259 3851 1288 3864 -

234 3911 268 3961 D.
280 3909 367 3983 Bonq.
378 3927 442 3963 curn
451 3909 591 3963 b'uenario
600 3928 672 3963 corn.
681 3931 712 3965 v.
722 3913 829 3981 accepti
835 3909 997 3965 recordatio.
1009 3942 1042 3952 -
1054 3934 1067 3960 a
1078 3912 1152 3966 Cum
1160 3910 1285 3974 hocloco,

234 4000 273 4053 ait
290 3999 426 4057 Pertzius.
445 3999 645 4053 substantivum
661 3999 842 4066 desideretur,
863 4000 971 4070 rejectis
985 4001 1099 4055 theri
1116 4012 1147 4054 ct
1163 4000 1288 4056 Nueuarii

233 4089 411 4160 conjecturis,
426 4109 480 4144 una
491 4111 507 4144 o
519 4089 611 4144 littera
622 4089 714 4143 addita
728 4108 837 4143 sensum
852 4089 1053 4145 restituendum
1067 4092 1172 4145 censui.
1185 4114 1198 4140 ι

269 4177 307 4244 (3)
327 4181 358 4231 n
370 4182 456 4254 llouq.
468 4200 529 4234 rnrn
545 4181 666 4235 ltuenar.
683 4180 883 4249 rotinflnrnln.
901 4181 1038 4234 Freherus
1050 4179 1184 4249 :flumem
