3000 5272
220 432 258 490 18
472 429 566 489 VITA
587 428 734 491 KAROLI
755 428 1029 495 lurtnlroms

215 577 338 659 petere
359 560 488 660 coegit.
508 560 624 654 Quem
646 575 766 635 tamen
791 561 841 635 ibi
864 565 1059 639 oonsistere
1076 590 1151 639 uon
1176 583 1241 638 sust

216 701 330 765 neus,
362 675 568 749 transmisso
600 702 706 750 amne
733 676 904 752 Garouua
931 680 987 778 (ι)
1020 679 1079 779 [et
1106 678 1241 755 sedilios

216 807 334 864 castro
359 791 569 890 Frontiaco]
594 793 664 890 (2),
691 795 816 893 Lupo,
840 795 1068 869 Wasconum
1091 795 1193 884 duci,
1219 825 1241 897 p

214 907 349 1007 legatos
364 905 528 996 mundat,
549 923 590 980 ut
606 909 793 1010 perfugam
805 912 860 1010 (3)
876 910 1019 1000 reddet3
1039 910 1139 1012 quod
1155 913 1195 986 ui
1212 912 1241 987 fe

214 1025 330 1098 tiuato
350 1022 476 1111 faeiat,
500 1023 598 1099 bello
620 1051 657 1099 se
680 1053 764 1100 eum
787 1029 1099 1127 expostulaturum
1122 1031 1190 1128 (4).
1215 1031 1241 1104 S

212 1141 357 1239 Lupus,
380 1143 513 1215 saniori
535 1167 619 1215 usus
641 1144 811 1235 consilio,
835 1170 910 1219 nou
933 1145 1050 1219 solum
1070 1145 1241 1220 Hunoldu

213 1255 388 1346 reddidit,
403 1257 464 1330 sed
479 1258 587 1331 etiam
602 1284 639 1332 se
657 1260 794 1359 ipsum,
810 1287 893 1334 cum
906 1262 1092 1361 provincia
1110 1263 1168 1335 cui
1187 1290 1241 1364 pri

212 1389 311 1463 erat,
330 1376 405 1473 ejus
421 1377 590 1475 potestati
607 1377 771 1476 permisit
781 1378 852 1476 (5)

260 1728 323 1801 Vl.
355 1729 571 1826 Compositis
600 1729 638 1801 in
672 1727 865 1828 Aquitania
894 1729 1002 1804 rebus
1036 1756 1151 1831 eoque
1182 1732 1241 1806 hel

212 1843 333 1932 linito,
346 1851 447 1945 regui
456 1846 709 1946 quoquesocio
717 1849 791 1945 jam
801 1845 909 1920 rebus
919 1846 1083 1920 humanis
1095 1864 1241 1948 exempt

211 1975 339 2060 mgutu
362 1976 400 2034 et
421 1960 588 2062 precibus
609 1961 758 2036 Adriani
780 1964 854 2060 (6),
881 1964 1054 2036 Romanae
1075 1963 1179 2037 urhis
1200 1991 1241 2064 ep

211 2080 329 2179 soopi,
343 2094 528 2168 exoratus,
542 2078 678 2153 bellum
692 2095 820 2155 contra
833 2079 1086 2180 Langobardos
1099 2083 1151 2180 (7)
1164 2108 1241 2156 susc

211 2197 281 2297 pit.
300 2195 408 2290 Quod
424 2198 524 2295 prius
538 2196 685 2296 quidem
701 2211 738 2270 et
754 2222 773 2268 u
792 2210 895 2296 patre
910 2199 1002 2295 ejus,
1023 2196 1241 2298 Stephano(

212 2339 304 2413 papa
327 2313 578 2415 supplioente,-
592 2338 676 2385 cum
696 2338 825 2411 magua
846 2311 1053 2386 difficultate
1076 2330 1241 2414 susceptu

213 2445 287 2516 est,
306 2431 391 2530 quia
406 2428 553 2532 quidam
568 2455 589 2503 e
604 2426 825 2530 primoribus
839 2430 1083 2517 Francorum,
1102 2456 1185 2502 curn
1200 2457 1241 2532 qu

212 2544 283 2619 bus
292 2547 497 2621 consultare
510 2543 666 2632 solebat,
680 2543 768 2618 adeo
778 2543 955 2619 voluntati
965 2549 1040 2644 ejus
1050 2546 1159 2619 renisi
1174 2573 1239 2619 sun

247 2805 288 2874 (ι)
306 2803 360 2858 All.
379 2804 542 2870 Gomara,
561 2803 720 2870 Gummna,
741 2802 883 2868 Garrona,
901 2803 1024 2857 Gar-ona.

248 2891 289 2962 (a)
307 2890 372 2945 llus
384 2890 483 2956 verbu,
501 2889 611 2944 uncinis
623 2888 743 2957 inclusa,
764 2906 821 2949 nou
837 2899 990 2960 agnoscunt
1002 2888 1156 2945 Goldastus
1172 2901 1202 2947 et
1214 2892 1241 2946 ll<

213 2978 328 3049 laudus,
341 2998 393 3035 uec
405 2979 435 3034 iu
445 2979 502 3033 suis
514 2994 580 3032 mss.
599 2978 732 3050 reperisse
748 2994 778 3032 se
788 2986 906 3033 testatur
919 2976 1107 3034 schminkius.
1129 2982 1238 3039 Desunt

214 3077 321 3142 septem
344 3067 426 3124 codd.
449 3067 560 3140 Regiis,
583 3065 722 3120 habentur
745 3065 775 3119 in
796 3063 904 3119 duobus
923 3063 1029 3135 (codd.
1042 3064 1114 3142 5927
1133 3080 1164 3124 et
1181 3068 1241 3146 59²¹

214 3159 226 3228 (
230 3157 266 3213 D.
281 3159 433 3233 Bouquet).
445 3155 599 3213 -Ahsunt
611 3154 646 3210 ab
657 3153 781 3209 editiom
792 3153 942 3209 Pertziaua.

249 3244 290 3318 (3)
306 3246 378 3304 cod.
400 3245 561 3305 vindobon.
578 3242 630 3318 667
648 3267 653 3297 ι
674 3242 841 3318 profugum,⁴
863 3241 925 3298 eod.
946 3243 1050 3299 Christ.
1073 3243 1177 3318 Regin.
1195 3243 1241 3320 632

235 3355 266 3391 ro
282 3357 300 3391 u
320 3356 376 3392 um.

214 3357 233 3409 p
248 3337 289 3496 (i)
300 3356 378 3482 {iod
392 3421 555 3481 Vindobou.
568 3417 633 3488 338,
650 3429 680 3475 et
692 3417 752 3474 cod.
770 3419 929 3475 monasterii
948 3419 1112 3476 zwetlensis
1127 3445 1133 3476 :
1151 3432 1241 3493 posui

215 3513 438 3572 Μαι-(106.
446 3513 519 3587 lleg.
528 3513 617 3568 Para
627 3511 663 3566 D.
674 3510 762 3584 Bouq.
775 3507 870 3566 laudat
881 3534 886 3565 :
897 3512 1087 3583 expulsurum
1095 3542 1132 3554 -
1143 3512 1241 3570 Chrou

215 3605 243 3661 3
257 3604 354 3679 Beuig.
364 3603 474 3659 Diviou.
491 3625 497 3655 :
512 3609 749 3674 expugnaturum.

248 3694 290 3766 (5)
308 3696 429 3751 llueuar.
443 3710 534 3749 eomes
547 3702 576 3748 et
589 3688 748 3765 marquart.
763 3689 901 3754 Freherus
913 3711 921 3744 ι
935 3689 1075 3746 submisit.

250 3785 290 3857 (6)
306 3784 376 3842 Cod.
393 3782 553 3841 vindobon.
567 3778 621 3848 654
636 3804 642 3835 :
657 3779 806 3836 Hadrriini.

250 3880 290 3953 (7)
308 3875 363 3933 All.
378 3871 597 3947 tongatardos,
612 3867 825 3943 Longobardos.

251 3969 291 4040 (8)
310 3967 367 4024 sut
380 3964 521 4037 Stephano
530 3982 606 4035 papa
617 3981 643 4017 s.
655 3960 759 4016 habeut
770 3957 883 4034 quidum
897 3956 1016 4014 codices.
1029 3989 1061 4000 ·-
1072 3981 1085 4007 α
1103 3957 1241 4014 Einhardu

216 4059 308 4131 prium
319 4054 432 4132 quidem
440 4053 491 4108 sub
501 4053 643 4125 (pli'cunte)
654 4049 794 4122 Stephano
804 4048 884 4120 Papa
895 4047 1050 4120 scripsisse,
1065 4057 1126 4103 tuus
1139 4063 1241 4103 verosi

215 4150 337 4218 plicante
349 4155 470 4211 remoto,
488 4142 540 4196 sub
555 4159 611 4196 uon
625 4141 662 4194 ita
674 4138 805 4193 delevisse
815 4136 1044 4204 existimaverim,
1060 4144 1092 4191 ut
1102 4154 1159 4192 uon
1172 4134 1241 4192 serii

217 4257 279 4293 mm
291 4239 378 4312 aliqui
390 4235 419 4292 id
431 4251 541 4310 quoque
552 4228 741 4305 recipiendum
754 4227 918 4303 putaverint.
932 4250 944 4277 ιι
959 4226 1084 4297 (Peru.)
