3000 5272
212 401 273 459 310
602 397 884 461 HLUDOWIGUS.

211 531 255 603 ad
265 530 442 604 domnum
453 530 628 604 Karolum
635 584 647 620 ,
660 546 696 604 et
709 557 775 630 per
785 557 846 606 eos
856 531 1142 629 descriptionem
1154 548 1193 606 et
1203 558 1282 607 oon·

211 647 456 721 firmationem
471 648 565 746 pacti
585 671 626 719 ac
643 645 794 721 foederis
816 647 928 720 misit.
952 645 1096 741 Quibus
1116 652 1282 749 susceptis

212 779 322 862 atque
353 763 527 852 dimissis,
559 763 715 838 domnus
748 763 983 839 Hludowicus
1011 763 1151 865 legatos
1182 791 1280 851 suos,

210 880 459 954 Nordbertum
482 883 535 979 (1)
561 881 773 980 Regiensem
796 880 1006 980 episcopum
1031 896 1069 954 et
1096 878 1283 957 Richowi-

211 1025 301 1073 num
320 1000 373 1097 (2)
395 1000 639 1074 Pictsvensem
658 1001 829 1075 comitem
839 1001 915 1098 (ὅ),
932 998 978 1072 ad
993 1001 1161 1074 leonem
1177 1000 1283 1101 impe-

210 1134 371 1192 ratorem
390 1116 439 1191 ob
459 1117 705 1192 renovandam
726 1144 848 1192 secum
867 1118 1065 1191 amicitiam
1080 1134 1121 1193 et
1138 1118 1283 1219 predio·

211 1250 292 1307 tum
317 1249 464 1334 pactum
489 1234 779 1310 confirmandum
807 1234 942 1310 direxit
966 1235 1056 1334 (4);
1089 1233 1284 1337 habitoque

209 1350 427 1453 Aquisgrani
449 1353 608 1453 generali
627 1352 755 1453 populi
776 1354 831 1425 sui
856 1369 1040 1428 conventu
1061 1353 1111 1429 ad
1127 1356 1283 1455 justicias

210 1465 389 1541 faciendas
410 1483 447 1541 et
467 1467 716 1568 oppressiones
732 1467 966 1568 popularium
984 1468 1219 1560 relevandas,
1239 1470 1284 1545 le·

211 1600 311 1684 gatos
328 1585 368 1658 in
385 1610 511 1659 omnes
530 1586 633 1686 regni
650 1586 704 1658 sui
722 1602 843 1685 partes
857 1586 995 1659 dimisit
1010 1587 1092 1686 (5);
1107 1586 1284 1663 Βοιὼ-

211 1701 301 1777 dum
319 1730 443 1806 regem
460 1704 592 1795 ltaliae,
612 1720 787 1804 nepotem
806 1730 932 1793 suum,
950 1704 996 1778 ad
1014 1731 1052 1779 se
1075 1720 1282 1797 evocem,

211 1818 426 1895 muneribus
439 1820 616 1895 donatum
632 1821 689 1920 (6)
704 1822 743 1896 in
761 1848 916 1922 mgnum
928 1822 1090 1911 remisit;
1108 1848 1201 1899 eum
1212 1822 1284 1897 Gri-

212 1938 377 2028 moaldo,
406 1942 743 2014 Beneventanorum
768 1939 878 2029 duce,
902 1955 1049 2040 pactum
1072 1941 1169 2016 fecit
1187 1958 1285 2043 utque

212 2056 391 2148 firmarit,
409 2083 453 2131 eo
470 2056 581 2131 modo
600 2083 676 2157 quo
699 2074 736 2131 et
755 2072 871 2157 pater,
888 2057 1025 2132 scilicet
1041 2072 1088 2129 ut
1108 2058 1286 2135 Beneven-

212 2172 289 2244 tani
308 2171 488 2245 tributum
503 2174 607 2247 annis
626 2172 776 2274 singulis
794 2189 931 2273 septem
945 2173 1060 2246 millia
1075 2173 1218 2249 solidos
1229 2174 1286 2248 dr·

213 2306 314 2378 rent3
333 2305 422 2363 tunc
434 2289 524 2364 duos
538 2316 580 2363 ex
594 2290 678 2362 filiis
691 2292 782 2378 suis,
799 2290 1032 2363 Hlotharium
1042 2292 1102 2390 (7)
1117 2293 1163 2365 in
1173 2295 1286 2391 stor·

213 2408 323 2495 riam,
349 2409 544 2508 Pippinum
570 2409 609 2482 in
634 2409 867 2509 Aquitaniam
893 2408 1003 2482 misit.
1031 2408 1234 2485 Harioldns
1254 2426 1287 2485 et

212 2524 443 2624 Reginfridus
456 2551 554 2624 reges
566 2525 754 2598 Danorum
762 2578 774 2612 ‚
788 2525 851 2625 qui
864 2549 962 2597 anno
974 2525 1202 2624 superiores
1212 2524 1287 2601 liliis

214 2639 408 2713 Godofridi
425 2641 512 2712 victi
530 2655 566 2714 et
582 2666 696 2741 regno
714 2640 808 2741 pulsi
825 2639 994 2728 fuerunt,
1011 2644 1197 2741 repentis
1212 2644 1287 2717 riri·

214 2757 300 2845 hus,
320 2759 453 2831 iterum
464 2759 514 2830 eis
528 2755 666 2830 bellum
679 2757 905 2846 intulerunt3
924 2756 962 2830 in
975 2782 1052 2858 quo
1067 2758 1285 2835 conflictus

215 2873 447 2972 Reginfridus
458 2888 496 2946 et
507 2898 599 2944 unus
612 2872 656 2946 de
669 2872 752 2945 filiis
765 2872 977 2961 Godofridi,
990 2874 1055 2973 qni
1071 2878 1196 2975 major
1209 2888 1284 2951 natu

215 3006 312 3078 erat,
332 2989 544 3062 interfectus
560 3003 627 3061 est.
647 2989 730 3082 Quo
746 2989 843 3063 iacto
853 3045 864 3078 ,
885 2989 1081 3065 Harioldus
1096 2990 1212 3067 rebus
1223 2992 1283 3065 sois

214 3104 397 3198 diffidens,
412 3104 457 3178 ad
477 3106 732 3203 imperatorem
746 3108 870 3193 vonit,
891 3121 980 3181 etse
996 3106 1035 3179 in
1049 3134 1187 3181 manus
1201 3108 1282 3183 iiiios

250 3366 290 3436 (r)
308 3363 364 3419 All.
379 3362 564 3428 Norbertum,
580 3358 819 3414 Nordusbertum.

250 3456 289 3525 (α)
308 3451 554 3517 ΑΗᾸὺόΙιοίηιιηι,
572 3448 738 3503 dichorium
743 3492 751 3517 ,
769 3448 959 3503 Richwinum.

249 3542 289 3615 (5)
306 3544 349 3597 Ita
358 3542 457 3616 legunt
466 3541 591 3595 Nuenar.
599 3539 670 3595 etD.
683 3538 771 3613 Booq.
779 3539 888 3595 —Cod
898 3540 1026 3595 Hannon
1038 3540 1204 3597 Pitavr'mm
1213 3558 1277 3595 com·

217 3643 271 3688 tem
278 3660 286 3698 ,·
301 3633 325 3688 F
325 3631 417 3687 rebor.
429 3630 599 3691 Pictavium;
612 3628 694 3683 Pertz
710 3652 715 3680 :
731 3628 909 3683 Patauinum

249 3724 290 3794 (4)
307 3722 431 3777 Nuenar.
442 3738 513 3774 com·
526 3729 555 3773 et
568 3719 602 3773 D.
618 3718 708 3791 Booq.
723 3722 805 3774 misd.

251 3812 290 3886 (5)
308 3813 363 3870 lid.
376 3815 505 3887 snistnes
518 3813 602 3865 misit.

251 3904 292 3973 (6)
311 3903 365 3957 lid.
380 3901 495 3957 donavit
507 3910 533 3954 ct
545 3902 574 3954 in
588 3918 715 3971 regnum.

250 3993 378 4069 (7).Cod.
403 3993 620 4047 llannoveranus
642 4014 647 4042 :
673 3989 850 4053 Hlntarium,·
874 3990 935 4045 eod.
960 3989 1190 4047 Vindobonensis
1212 4006 1273 4043 no.

220 4085 391 4137 Inedian'um.
453 4082 609 4135 Nummius
623 4098 695 4133 com.
712 4089 740 4133 et
756 4079 789 4132 i).
808 4079 895 4153 Bouq.
914 4106 919 4133 :
936 4079 1102 4137 holitorium
1114 4090 1144 4137 et
1157 4080 1196 4137 ita
1208 4076 1275 4133 dein·

217 4195 288 4246 ΓΓΙᾺ.
