3000 5272
666 428 855 490 KanotUS.

601 620 907 694 DCCLXXXIX.

272 780 380 852 Natio
396 776 561 878 quaedam
578 779 788 853 Sclavorum
805 781 860 878 (1)
878 796 931 854 est
947 781 986 853 in
1001 777 1196 855 (immania
1205 834 1218 868 ,
1237 809 1286 857 te·

219 899 423 995 denssuper
433 897 533 969 littus
545 895 690 984 Oceani,
703 922 784 996 quae
797 898 945 996 propria
958 896 1282 998 lingueWelntebi,

219 1015 377 1088 francica
392 1026 512 1087 autem
525 1013 654 1086 Wiltzi
669 1029 829 1087 vocatur.
845 1017 895 1087 Ea
909 1014 1056 1087 Francis
1068 1040 1213 1114 semper
1222 1016 1286 1089 ini·

219 1133 322 1217 mica,
335 1145 371 1205 et
381 1132 518 1204 vicinos
527 1157 622 1218 suos,
634 1131 696 1230 qui
710 1131 854 1203 Francis
867 1130 924 1204 vel
937 1129 1086 1230 subjecti
1099 1131 1158 1205 vel
1170 1108 1281 1209 foede2

218 1251 284 1323 rati
303 1265 428 1344 erant,
446 1248 536 1323 odiis
551 1248 715 1322 insectari
728 1302 740 1336 ,
755 1247 924 1348 belloque
939 1272 1103 1346 premere
1119 1274 1164 1321 nc
1175 1249 1283 1324 taces-

216 1393 293 1441 sere
305 1365 455 1440 solebat.
473 1367 582 1463 Cujus
593 1364 820 1439 insolentiam
832 1391 895 1437 rex
907 1364 1115 1465 longius'(o)
1128 1364 1199 1439 sibi
1210 1390 1280 1442 ooo

214 1481 400 1556 serendam
418 1496 539 1572 ratus,
559 1479 656 1554 bello
673 1506 750 1553 eam
767 1478 909 1581 aggredi
928 1480 1074 1566 statuit,
1094 1506 1282 1581 compars-

215 1613 326 1698 toque
355 1598 491 1697 ingenti
515 1597 693 1683 exercitu,
711 1597 874 1669 llrenum
891 1596 985 1695 apud
1004 1596 1199 1671 Coloniam
1214 1612 1280 1671 tra·

208 1714 307 1812 jecit.
338 1713 425 1786 lnde
450 1737 515 1812 per
543 1712 733 1785 Saxoniom
752 1712 820 1784 iter
837 1737 961 1811 agens,
982 1737 1066 1785 cum
1080 1710 1128 1785 ad
1142 1710 1281 1787 Albim

213 1829 450 1928 pervenisset,
483 1829 605 1900 castris
629 1829 667 1899 in
696 1828 772 1925 ripa
800 1828 942 1925 positis,
969 1854 1113 1901 amnem
1142 1827 1280 1904 duolsm

212 1942 530 2042 pontibusjunxit,
542 1968 700 2044 quornm
710 1969 826 2015 unum
838 1971 882 2016 ex
896 1957 1051 2043 utroque
1060 1944 1179 2042 capite
1191 1943 1279 2018 vallo

212 2061 389 2145 munivit,
409 2077 445 2132 et
471 2061 641 2159 imposito
664 2060 833 2159 praesidio
854 2059 1023 2133 firmavit.
1052 2062 1151 2160 lpse,
1172 2059 1278 2135 florio

213 2177 380 2263 transito,
398 2201 473 2276 quo
489 2177 725 2249 constituerat
736 2177 934 2249 exercitum
950 2175 1067 2264 duxit,
1085 2177 1277 2277 ingressos-

213 2319 284 2393 que
303 2292 524 2365 Wiltzorum
542 2310 699 2379 terram,
727 2307 854 2365 cuncta
874 2291 976 2367 ferro
994 2308 1031 2366 et
1052 2293 1136 2393 igne
1154 2294 1275 2367 vastari

208 2411 326 2508 jussit.
346 2409 415 2484 Sed
431 2437 517 2509 gens
536 2410 615 2498 illa,
635 2412 797 2510 quamvis
813 2407 980 2482 bellicosa
1001 2424 1037 2482 et
1063 2410 1102 2483 in
1120 2436 1185 2483 sno
1208 2437 1276 2484 nu·

213 2528 418 2601 merositate
446 2527 649 2613 confidens,
681 2527 853 2624 impetum
886 2526 1062 2598 exercitus
1090 2526 1181 2626 regii
1219 2524 1275 2601 diu

214 2645 388 2717 sustinere
406 2670 482 2717 non
501 2643 633 2731 valuit,
653 2669 693 2714 ac
710 2640 880 2740 proinde,
911 2668 992 2713 cum
1016 2641 1181 2739 primum
1195 2642 1274 2717 citi·

216 2773 325 2832 tatem
338 2760 529 2858 Dragawiti
541 2761 595 2857 (ὅ)
608 2774 757 2831 ventum
768 2775 966 2831 est-nom
978 2758 1007 2830 is
1020 2759 1162 2833 ceteris
1172 2758 1275 2833 Wilt·

250 2958 290 3028 (t)
308 2957 350 3010 Ita
366 2955 451 3009 habet
464 2955 615 3020 freherus,
635 2972 698 3008 cum
716 2953 798 3009 codd.
812 2955 951 3009 Hanover.
965 2963 994 3008 et
1007 2952 1172 3009 Vindobon.
1190 2972 1236 3009 tto
1249 2961 1273 3006 et

216 3045 413 3120 990.D.Bonq.
422 3063 485 3098 cum
494 3044 616 3097 Noenar.
625 3045 739 3098 comit'c:
752 3044 1061 3100 Sclavonorum.Pertz:
1070 3044 1272 3101 Sclavenom-

251 3133 289 3204 (a)
308 3133 467 3187 Freherus:
484 3131 597 3186 diutius.

250 3221 290 3295 (3)
309 3225 361 3278 lllc
374 3223 458 3278 habet
471 3223 593 3277 Nuenar.
607 3239 716 3290 comes,
732 3230 760 3276 et
774 3239 838 3276 cum
851 3239 885 3276 eo
897 3219 1036 3276 Freherus
1049 3229 1079 3275 et
1091 3219 1128 3276 D.
1141 3219 1270 3295 Bonqoet

217 3315 245 3366 in
257 3315 394 3366 civitatem
407 3312 570 3383 Dragawiti
580 3320 696 3364 ventum
708 3319 762 3378 est,
783 3310 819 3363 W
817 3312 915 3377 iltzan,
929 3328 994 3363 nam
1007 3311 1032 3362 is
1050 3310 1151 3364 ceteris
1168 3308 1271 3363 Wiltw·

216 3419 323 3455 rum...
346 3398 399 3453 Sed
421 3418 565 3472 perperam
587 3397 737 3466 evidenter,
761 3397 804 3452 uti
825 3395 947 3452 ostendit
968 3397 1011 3451 vit·
1031 3394 1129 3452 eximii
1144 3395 1270 3453 sennim

215 3488 340 3543 Pertzius
349 3489 377 3542 in
391 3489 463 3543 notis
474 3488 530 3542 suis
539 3486 574 3543 de
586 3487 641 3541 hoc
651 3486 711 3542 loco
721 3487 859 3559 exagitato
868 3487 963 3542 dicem
976 3509 982 3539 ε
995 3508 1009 3536 a
1022 3486 1134 3545 Vocem
1145 3486 1268 3551 Villa,

216 3599 230 3627 κ
243 3576 406 3631 theotiscam
419 3575 542 3629 vocabuli
559 3575 720 3630 Wiltzorum
736 3577 904 3641 versionem,
923 3574 990 3629 huic
1002 3592 1018 3627 a
1031 3572 1124 3630 scriba
1139 3574 1232 3651 ulique
1243 3573 1267 3627 in

216 3689 229 3716 a
243 3666 377 3720 Nuenarii
396 3664 490 3719 codice
504 3664 719 3737 superpositam,
734 3663 849 3719 editoris
865 3663 932 3718 vitio
951 3663 981 3717 in
997 3671 1107 3718 textum
1119 3662 1265 3737 ineptia.

215 3780 229 3805 a
241 3775 275 3811 eo
287 3754 472 3810 confidentius
489 3753 669 3821 contendam,
685 3753 759 3827 quod
775 3755 804 3807 in
822 3752 899 3808 nullo
911 3770 971 3806 eam
985 3750 1081 3807 codice
1096 3750 1264 3815 offenderim

214 3869 227 3896 «ι
241 3845 317 3920 quod
336 3845 358 3897 oi
379 3845 408 3897 in
425 3844 448 3896 T
452 3844 582 3896 revircnsi
596 3843 667 3897 sorte
687 3843 805 3915 legatur,
820 3844 919 3897 vitium
939 3852 1014 3896 certe
1031 3842 1177 3917 antiquius
1187 3841 1263 3904 Μ,

214 3959 226 3984 ι(
241 3932 289 3988 sed
301 3931 398 3987 eodem
413 3931 495 3986 modo
506 3933 619 4003 coepisse
632 3942 778 3985 constaret.
795 3933 926 3987 Ceterum
935 3931 1028 3985 omnia
1040 3931 1204 3986 criticorum
1214 3929 1262 3985 hit·

213 4050 225 4075 a
240 4026 426 4080 toricorumve
443 4031 605 4095 argumenta
618 4021 678 4075 loco
691 4022 835 4094 hucusque
847 4031 979 4094 corrupto
992 4031 1197 4095 supemnncta,
1209 4032 1259 4072 m

211 4136 224 4162 s
238 4113 356 4166 lectione
370 4112 497 4165 codicum
508 4112 670 4165 anctoritate
684 4111 820 4177 restituta,
835 4109 1142 4167 concinnamenta
1151 4114 1257 4165 emm

210 4214 269 4256 not.
283 4203 345 4272 gall.
