3000 5272
209 381 270 442 284
650 384 839 447 KAROLUS.

211 513 412 609 imperator
429 527 566 602 autem,
587 541 669 587 cum
685 516 717 588 ei
734 514 848 589 multa
863 514 908 587 de
922 513 1095 614 jactantie
1107 530 1145 588 et
1156 538 1262 613 supe·

210 627 267 699 bia
291 624 383 728 regis
402 630 588 705 Danorum
606 632 877 718 nuntiarentur,
896 630 1022 703 statuit
1039 644 1141 703 trans
1158 627 1265 703 Albia

211 741 361 816 fluvium
376 745 557 819 civitatem
572 745 747 819 aedilicare
756 800 768 834 ,
789 747 1084 845 Francorumque
1099 745 1138 819 in
1154 768 1196 819 ea
1210 768 1269 845 po·

211 884 297 932 nere
318 859 538 957 praesidium.
564 862 727 962 Cumque
748 862 793 933 ad
816 860 885 937 hoc
909 887 974 961 per
995 859 1155 935 Gelliam
1172 875 1270 962 atque

210 974 440 1048 Germaniam
455 975 618 1050 homines
639 993 906 1078 congregasset,
925 977 1108 1077 armisque
1120 990 1273 1050 acoete

209 1092 259 1163 ris
272 1092 316 1164 ad
328 1119 433 1165 usum
445 1095 650 1167 necessariis
663 1093 770 1168 rebus
783 1102 979 1170 instructos
992 1120 1059 1194 per
1072 1093 1228 1167 Frisium
1236 1090 1273 1165 d

211 1209 332 1283 locum
344 1208 562 1284 destinatum
574 1210 705 1285 ducere
715 1213 894 1311 jussisset,
910 1210 1071 1284 Thrasco
1087 1208 1166 1283 dux
1182 1207 1272 1285 Alto·

209 1323 391 1398 dritorum
412 1327 448 1398 in
470 1328 635 1426 emporio
656 1327 763 1401 Reric
784 1324 830 1398 ab
854 1322 1062 1400 hominibus
1085 1322 1273 1400 Godofiili'

210 1466 275 1538 per
291 1439 418 1515 dolum
435 1441 649 1517 interfectus
666 1456 732 1515 est.
754 1440 823 1516 sed
846 1443 1057 1541 imperator,
1088 1454 1273 1542 postqum

211 1557 310 1631 locus
344 1561 480 1632 civitati
510 1559 773 1634 constituendae
803 1561 858 1657 (ι)
892 1558 1009 1633 fuerat
1048 1558 1271 1659 exploratos,

211 1672 409 1775 Egbertum
441 1677 503 1775 (2)
541 1678 711 1752 comitem
748 1676 833 1750 huic
872 1676 1018 1776 negotio
1049 1674 1274 1776 exsequaris

212 1790 429 1889 praeficiens,
453 1791 574 1864 Albim
597 1794 746 1867 traicere
764 1809 800 1867 et
821 1793 942 1867 locum
960 1793 1068 1893 jussit
1088 1818 1271 1893 occupm.

211 1906 277 1979 Est
295 1924 417 1981 autem
442 1908 542 1982 locus
568 1935 676 2007 super
703 1910 821 2010 ripam
845 1911 976 1983 Sturiae
1007 1908 1197 1993 fluminis,
1219 1932 1273 1983 to-

211 2025 340 2099 cabulo
365 2025 540 2101 Esesfelth
570 2028 655 2126 (3),
690 2045 726 2101 ct
749 2042 942 2128 occupatus
964 2044 1018 2101 est
1042 2025 1092 2100 ab
1116 2026 1272 2129 Egbem

212 2158 248 2215 et
272 2141 468 2216 comitibus
493 2143 677 2217 Saxonicis
703 2144 796 2216 circa
822 2144 900 2216 idus
931 2145 1101 2233 martias,
1131 2155 1173 2219 et
1195 2168 1273 2219 mu·

212 2259 281 2332 niri
301 2277 457 2359 coeptus.

259 2376 437 2450 Aureolus
450 2402 588 2464 comes,
602 2379 664 2478 qui
685 2379 723 2450 in
741 2378 960 2452 commercio
972 2378 1160 2477 Hispaniae
1177 2391 1276 2479 atque

211 2493 337 2568 Galliae
369 2510 468 2568 trans
495 2496 694 2597 Pyrineum
720 2511 846 2570 contra
875 2495 1001 2568 Oscam
1027 2510 1065 2569 et
1095 2494 1275 2569 Goennu·

210 2627 347 2711 gustam
363 2610 560 2700 residebat,
579 2612 769 2686 defunctus
783 2628 856 2701 est,
871 2627 908 2686 et
921 2612 1082 2686 Amoroz
1094 2612 1175 2711 (ά),
1189 2633 1275 2711 pm·

211 2726 326 2799 fectus
343 2727 619 2828 Caemraugustae
633 2745 741 2829 atque
759 2729 880 2817 Oscae,
897 2728 1018 2802 locum
1035 2730 1114 2828 ejus
1132 2726 1274 2813 invasit,

213 2846 306 2918 etin
327 2845 479 2919 castellis
503 2843 598 2916 illius
626 2845 788 2943 praesidia
809 2846 1005 2946 disposuit,
1032 2846 1217 2946 missuque
1238 2839 1276 2914 ed

212 2964 465 3060 imperatorem
484 2962 678 3060 legatione,
698 2990 771 3037 sese
784 2989 866 3036 cum
879 2962 1052 3037 omnibus
1071 2988 1160 3064 quae
1179 2959 1277 3035 habe·

212 3079 275 3152 bat
297 3081 333 3151 in
353 3079 575 3152 deditionem
595 3079 647 3151 illi
669 3082 792 3154 venire
809 3082 901 3157 velle
917 3081 1099 3181 promisit.
1119 3075 1276 3183 Eclyptit

216 3198 313 3271 lunae
329 3197 485 3297 contigit
501 3221 552 3269 v11
568 3197 640 3268 lral.
653 3200 796 3296 januar.

247 3523 287 3592 (ι)
305 3519 396 3576 Codd.
411 3520 519 3574 Treuir.
534 3529 564 3575 et
579 3517 743 3576 Vindobon.
762 3537 810 3573 110
822 3529 851 3574 ct
862 3535 935 3592 99⁰²
955 3518 1062 3573 civitati
1075 3509 1269 3573 commenda·

213 3610 284 3667 cod.
295 3611 423 3665 Haunov.
434 3608 624 3664 exstruendae.

249 3700 288 3769 (a)
307 3697 350 3753 ΑΙ.
365 3699 394 3752 Ε
395 3698 543 3771 gibertum.

248 3787 287 3860 (3)
306 3788 358 3843 All.
375 3788 503 3861 Esselllt,
520 3788 630 3861 Esfcll,
645 3785 805 3858 Essesj'ctd.

249 3882 287 3949 (⁴)
306 3879 349 3934 Al.
366 3879 495 3934 Arauros.
