3000 5272
210 419 267 476 108
459 411 553 473 VITA
575 411 720 470 lldROLl
745 410 1016 474 IMPERATORlS.

210 581 227 618 a
249 548 397 648 aliisque
418 544 571 620 metallis
592 570 670 615 vasa
691 561 798 645 atque
813 547 994 620 ustensilia
1013 572 1096 620 cum
1112 549 1223 621 ermis
1237 565 1274 623 et

210 700 227 735 κ
248 663 417 753 vestibus,
431 663 585 761 alioque,
600 676 661 733 aut
675 662 831 760 pretioso
844 677 906 734 aut
916 662 993 752 vili,
1005 662 1049 736 ad
1060 665 1181 740 varios
1194 692 1274 739 usus

210 813 228 850 «
250 781 346 853 facto
362 777 588 878 supellectili,
604 791 645 848 ut
662 792 747 848 sunt
764 778 930 866 cortinae,
945 778 1115 880 stragula,
1127 781 1270 880 tapetia,

212 930 230 968 e
250 898 345 971 filtra
363 900 379 996 (
388 898 419 995 r)
429 950 440 985 ,
457 897 553 970 coria
562 949 573 984 ,
593 909 765 996 sagmata,
782 910 818 969 et
830 894 1001 996 quioquid
1015 897 1055 969 in
1072 922 1214 972 camera
1225 912 1272 970 at-

216 1047 233 1085 «
255 1041 326 1115 que
343 1015 510 1088 vestiario
524 1015 596 1111 ejus
614 1037 658 1085 eo
669 1011 725 1084 die
737 1011 860 1086 fuisset
872 1013 1082 1106 inventum,
1096 1030 1140 1087 ut
1151 1012 1273 1089 exlioc

213 1165 231 1201 a
251 1134 401 1229 majores
419 1130 514 1202 illius
535 1129 647 1227 partis
669 1127 857 1203 divisiones
881 1128 1028 1219 fierent,
1054 1144 1093 1204 et
1117 1133 1272 1233 erogatio

216 1280 235 1318 ιι
255 1248 479 1322 eleemosinae
492 1245 536 1318 ad
549 1246 667 1345 plures
681 1247 866 1344 pervenire
881 1247 1068 1347 potuisset.
1080 1248 1270 1349 Capellam,

215 1399 232 1436 α
254 1365 357 1439 idest
375 1364 648 1439 ecclesiasticum
666 1363 927 1453 ministerium,
947 1362 1070 1437 tamid
1088 1366 1192 1466 quod
1207 1367 1273 1467 ipse

215 1515 233 1552 κ
254 1481 340 1556 fecit
356 1499 465 1583 atque
481 1480 728 1581 congregavit,
749 1505 859 1580 quam
881 1481 980 1582 quod
995 1480 1039 1554 ad
1052 1507 1139 1556 eum
1155 1508 1201 1559 ex
1212 1509 1273 1584 ps·

218 1629 236 1668 e
257 1614 361 1672 terna
375 1596 573 1671 hereditate
586 1602 768 1696 pervenit,
788 1611 830 1667 ut
846 1597 1028 1697 integrum
1040 1611 1152 1688 esset,
1167 1624 1274 1701 neque

217 1745 235 1784 e
257 1715 328 1786 ulla
344 1714 520 1787 divisione
543 1712 784 1801 scinderetur,
803 1713 992 1786 ordinavit.
1014 1714 1052 1786 Si
1073 1740 1147 1815 quc
1164 1732 1274 1791 auum

215 1863 233 1899 «ι
255 1831 506 1904 invenirentur
522 1844 585 1901 aut
600 1856 679 1902 vasa
701 1845 761 1900 aut
779 1827 863 1901 libri
878 1845 940 1902 aut
956 1829 1022 1902 alia
1046 1846 1273 1921 ornamenta,

219 1978 237 2016 e
257 1972 341 2047 quae
364 1945 503 2047 liquido
523 1960 704 2019 constaret
721 1944 835 2019 eidem
852 1946 996 2046 capellae
1018 1946 1065 2020 ab
1083 1972 1130 2023 eo
1156 1948 1275 2023 collate

218 2095 236 2132 u
256 2090 333 2139 non
349 2062 459 2137 fuisse
469 2117 480 2152 ,
497 2063 573 2136 haec
587 2063 649 2163 qui
669 2061 799 2138 habere
819 2064 945 2153 vellet,
961 2064 1047 2141 dato
1063 2068 1177 2165 justae
1188 2066 1276 2143 ωᾶ-

218 2214 235 2249 e
256 2182 424 2256 metionis
443 2182 583 2281 pretio,
604 2197 737 2255 emeret
753 2197 790 2255 et
811 2180 970 2257 haberet.
989 2184 1170 2260 Similiter
1188 2184 1275 2261 etde

222 2326 240 2364 u
261 2293 387 2385 libris,
406 2323 565 2398 quorum
586 2323 749 2397 maguam
773 2299 811 2370 in
822 2295 1042 2373 bibliotheca
1065 2325 1129 2375 sua
1147 2302 1277 2401 copiam

222 2442 240 2480 u
260 2412 490 2513 congregavit
507 2413 586 2511 (2),
615 2413 758 2501 statuit,
777 2427 818 2485 ut
838 2410 883 2483 ab
909 2411 963 2485 his
984 2414 1049 2515 qui
1072 2440 1136 2490 cos
1157 2413 1277 2492 babae

221 2558 240 2596 ιι
260 2528 408 2617 vellent,
422 2532 522 2628 justo
539 2531 658 2628 pretio
674 2528 826 2604 fuissent
842 2527 1038 2630 redempti,
1056 2533 1277 2635 pretiumque

223 2678 241 2716 κ
262 2647 299 2718 in
321 2673 492 2748 pauperes
510 2648 565 2746 (ὅ)
589 2663 785 2749 erogatum.
812 2649 912 2721 Inter
928 2663 1079 2723 eeteros
1102 2648 1277 2725 thesauros

224 2793 243 2831 u
263 2778 369 2863 atque
396 2765 562 2863 pecunias
593 2780 667 2838 tres
695 2790 830 2838 mensas
861 2780 1045 2866 argenteas
1074 2782 1115 2841 et
1145 2792 1278 2843 aarum

224 2913 242 2949 e
263 2907 373 2952 unam
391 2884 585 2981 praecipuae
599 2883 854 2982 magnitudinis
870 2898 906 2958 et
920 2883 1093 2984 ponderis
1106 2910 1183 2962 esse
1198 2910 1278 2961 oon·

226 3026 245 3064 «
264 3010 347 3068 stat.
363 2996 416 3069 Ile
429 2994 562 3097 quibus
577 3000 702 3070 statuit
716 3013 821 3098 atque
831 2998 1010 3091 decrevit,
1022 3014 1065 3072 ut
1075 3026 1152 3075 uua
1164 3026 1209 3077 ex
1219 3000 1276 3087 lt,

227 3141 246 3179 e
264 3137 346 3209 quae
362 3110 481 3184 forma
498 3111 761 3213 qrradrangula,
779 3113 1058 3212 descriptionem
1069 3112 1176 3191 urbis
1190 3114 1279 3191 Gou-

226 3259 246 3298 «ι
267 3229 598 3330 stautinopolitanae
611 3231 787 3319 continet,
800 3231 896 3304 inter
908 3246 1035 3305 caetera
1045 3229 1195 3307 donaria
1206 3256 1278 3335 qne

230 3377 247 3414 e
267 3344 311 3417 ad
335 3343 405 3419 hoc
431 3345 598 3446 deputata
622 3362 728 3436 sunt,
756 3348 907 3419 Romam
928 3345 972 3419 ad
989 3344 1175 3421 basilicam
1195 3344 1278 3423 huri

228 3463 361 3535 «Petri
382 3462 534 3562 apostoli
557 3461 756 3551 deferatur,
777 3481 813 3537 et
834 3464 964 3552 altera,
987 3490 1070 3564 quae
1092 3462 1213 3539 forma
1226 3488 1279 3538 ro·

230 3612 248 3648 «
269 3581 393 3673 tunda,
407 3584 578 3654 Romanae
593 3581 692 3654 urbis
704 3582 814 3685 effigie
825 3580 990 3655 decorata
1002 3582 1060 3685 (4)
1073 3596 1149 3673 est,
1161 3584 1279 3685 episoo

261 3846 301 3916 (ι)
318 3844 442 3899 Noenar.
455 3862 546 3899 comes
557 3845 681 3919 :fulcra¹

261 3937 300 4006 (a)
318 3935 408 3992 Codd.
424 3935 494 4008 Reg.
517 3936 601 3990 Paris.
619 3936 697 4012 4877,
715 3935 794 4010 5997,
810 3934 881 4010 5999
895 3945 925 3990 et
935 3933 1100 3991 Vindobon.
1118 3933 1172 3991 16:
1186 3936 1282 4007 coph

229 4026 350 4080 habebat
361 4036 568 4099 congregatam.

264 4114 302 4184 (3)
320 4118 365 4172 Sic
379 4118 411 4172 D.
424 4118 511 4190 Bouq.
526 4134 590 4170 curu
602 4116 712 4190 plerisq.
726 4114 822 4181 codd.;
837 4116 915 4170 Perta
932 4138 937 4167 :
951 4112 1131 4185 pauperibus.

265 4206 302 4275 (4)
322 4206 441 4263 Duodcc.
458 4204 691 4279 codd.figumta;
705 4205 825 4261 Nucner.
842 4223 913 4260 corn.
928 4206 1070 4274 insignita.
