3000 5272
240 414 284 492 cuj
498 409 736 471 TESTIMONIA
758 409 811 468 DE
833 409 1046 471 Etuttnttuo.

238 532 477 613 preciosissimum
486 553 570 611 supra
582 543 836 590 commemoratum
845 530 1012 609 deportans,
1020 552 1111 611 usque
1120 530 1278 605 adiudha,

236 649 299 708 quae
309 627 423 700 Corsica
435 627 614 698 nominatur,
626 625 760 698 devenit;
771 625 822 684 ubi
834 627 1004 706 gravissimo
1015 627 1153 708 languore
1163 627 1278 699 detentus,

237 735 363 802 coeptum
387 721 575 781 desiderabile
602 722 654 778 iter
685 721 818 802 prosequi
841 743 898 778 non
917 721 1039 780 valebat.
1062 721 1166 802 ltaque
1184 721 1278 781 Roman

236 819 363 890 mittens,
383 819 510 898 exposita
523 817 698 876 infirmitatis
712 839 769 876 suae
780 839 864 876 causa
876 861 884 888 ‚
898 830 979 898 rogat
997 819 1208 897 imperatorem,
1220 819 1279 877 atad

234 936 264 974 se
279 915 309 972 in
321 914 485 993 predictam
502 913 624 971 insulam
636 913 735 972 venire
748 935 806 971 non
818 911 1008 993 dedignetur;
1027 913 1172 993 spondens
1182 935 1209 970 se
1218 913 1278 971 illan

234 1007 442 1068 decentissimis
459 1007 625 1066 muneribus
637 1021 665 1067 et
682 1030 781 1067 omnes
794 1008 940 1067 thesauros
954 1007 1231 1090 praeponderantibus
1241 1008 1280 1066 bo-

233 1117 413 1163 noraturum.
427 1104 572 1184 Augustus
585 1125 652 1162 vero
664 1105 751 1161 maris
764 1105 926 1184 periculum
938 1119 1142 1184 praemetuens,
1155 1119 1185 1164 ut
1194 1125 1281 1184 semper

230 1201 340 1260 solebat
355 1203 385 1260 in
402 1201 483 1280 aquis
497 1221 557 1259 esse
568 1199 778 1272 formidolosus,
792 1201 970 1260 consiliarios
984 1202 1143 1281 fidelesque
1153 1223 1214 1259 suos
1226 1222 1282 1259 coa·

231 1311 326 1370 vocat,
341 1310 370 1356 et
380 1297 481 1377 quaerit
495 1318 582 1377 quem
598 1295 634 1355 de
650 1297 784 1379 omuibus
797 1295 847 1354 illo
865 1296 987 1378 dirigere
1003 1298 1118 1357 debeat.
1130 1296 1283 1376 Nullamque

232 1395 379 1474 reperiens
388 1404 553 1452 ooeteromm
561 1393 598 1452 ad
607 1391 1284 1472 illuditeresseparatum‚Erauaannuclerieun‚

232 1491 262 1548 in
275 1489 409 1548 omnibus
424 1511 486 1570 quse
500 1489 543 1547 illi
558 1489 730 1566 injunxisset
743 1489 909 1547 ministeriis
921 1489 975 1547 sibi
988 1511 1102 1569 semper
1113 1491 1284 1568 aptissimum,

232 1584 362 1644 decernit
374 1584 444 1642 illuc
456 1605 517 1643 esse
529 1583 744 1643 destinandum.
759 1583 814 1643 llle
824 1606 940 1665 quoque
952 1584 1143 1643 nihilominus
1157 1604 1285 1642 emensus

230 1679 361 1762 pelagus,
379 1679 453 1738 sicut
466 1679 630 1761 frequenter
647 1695 847 1754 consueverat,
859 1680 1091 1761 perhorrescens,
1108 1682 1177 1740 talia
1192 1679 1286 1756 jubenti

231 1775 360 1854 objicere
379 1774 546 1856 perhibetur
563 1798 571 1832 s
591 1803 605 1828 a
619 1776 704 1835 Mitte
720 1797 767 1834 me
782 1798 835 1856 per
847 1789 951 1836 terram
969 1775 1006 1835 ad
1019 1796 1217 1857 quoscumque
1231 1774 1288 1834 vetis

234 1899 248 1923 a
266 1870 354 1929 totius
365 1870 443 1929 orbis
457 1870 539 1942 fines,
557 1871 666 1929 etiamsi
682 1884 793 1930 exteras
805 1872 930 1930 volueris
942 1872 978 1930 ad
992 1885 1091 1953 gentes
1103 1897 1111 1944 ς
1127 1885 1156 1930 et
1169 1894 1221 1952 ego
1239 1871 1289 1947 jus·

233 1987 249 2022 u
265 1975 422 2022 sumtuum
443 1961 618 2022 fiducialiter
632 1963 809 2047 adimplebo.
826 1966 1002 2025 Periculosos
1014 1969 1126 2047 quippe
1139 1979 1168 2024 et
1183 1967 1289 2025 incertas

232 2080 405 2139 «aquarum
429 2060 489 2118 vias
513 2051 682 2139 attemptare
702 2060 865 2121 formido.»
882 2061 961 2144 Rege
983 2064 1071 2144 igitur
1092 2074 1248 2134 aestuante,
1264 2073 1288 2119 ot

230 2155 357 2237 legatum
383 2154 507 2235 aliquem
534 2157 624 2236 possit
645 2156 796 2231 invenire,
818 2160 926 2217 caeteris
940 2180 1009 2218 vero
1034 2160 1228 2239 perniciosum
1247 2159 1289 2215 iter

229 2250 445 2324 excusantibus,
463 2249 592 2310 triduum
607 2251 646 2310 ita
658 2265 806 2332 peractum
819 2266 872 2312 est.

293 2431 382 2484 xvu
399 2431 652 2485 mscmerrous
669 2417 902 2487 pannonibus·
919 2434 989 2485 ean
1005 2432 1240 2486 watncsaus.

494 2544 656 2611 Eginhartas
667 2544 826 2610 illustratus,
835 2564 894 2614 pag.
914 2563 944 2597 to
954 2556 982 2599 et
991 2563 1031 2598 ar.

351 2661 522 2723 Emuaanus
537 2661 664 2738 fueram,
679 2665 839 2768 regiamqui
851 2664 945 2724 clarus
957 2686 1056 2724 amore
1069 2710 1077 2737 ,

393 2758 446 2818 Cui
460 2757 553 2818 Caroli
564 2758 666 2841 Magni
679 2760 738 2818 titia
754 2773 845 2841 nupta
857 2760 931 2820 luit:

347 2853 476 2933 Quaeque
492 2853 545 2912 sub
560 2853 614 2913 boc
626 2875 739 2914 meeum
751 2856 862 2914 tumulo
872 2855 1007 2916 conclusa
1018 2857 1154 2937 quiescit,

393 2946 438 3005 sd
447 2947 572 3028 Superos
584 2950 675 3010 donee
688 2972 739 3008 nos
754 2951 823 3010 tuba
837 2973 923 3010 rauca
937 2964 1029 3011 vocet.

351 3042 415 3101 lloc
426 3065 479 3124 ego
494 3047 641 3104 construxi
653 3046 755 3106 devoto
766 3059 882 3126 pectore
892 3047 1053 3126 templum,

390 3138 538 3199 Fratribus
552 3154 580 3200 et
592 3141 688 3222 largas
702 3142 916 3202 contuleramus
929 3163 1009 3224 opes.

353 3233 478 3315 Corpora
493 3248 658 3296 sanctorum
669 3260 780 3297 summa
792 3237 933 3297 tumulata
948 3238 1001 3297 sub
1017 3260 1067 3297 ara

393 3328 541 3410 (longasi,
557 3330 623 3390 viso
637 3353 701 3412 quae
714 3331 785 3391 mihi
797 3331 889 3392 Roma
903 3331 994 3393 dedit.

708 3524 821 3534 —n—

287 3657 450 3718 &sarrano
465 3681 520 3720 naa
538 3680 627 3721 unsre
642 3683 720 3723 uena
738 3685 774 3724 zu
796 3683 905 3723 rasaca
925 3663 1083 3723 larisseus
1096 3681 1233 3724 causum

266 3774 318 3813 ors
333 3755 468 3816 Gaossen
484 3755 611 3816 Karseis
624 3757 730 3818 Caaoar
743 3779 870 3817 eunicus
881 3778 1010 3818 nooursa
1023 3778 1088 3818 nisa
1100 3779 1196 3819 usses
1206 3776 1251 3816 ms

350 3872 473 3912 amsrua
485 3852 682 3914 Semoausmr
697 3875 737 3912 aaa
751 3853 840 3912 Maru
854 3874 964 3915 casaur
979 3875 1040 3914 uun
1054 3874 1172 3915 arsrrn

652 3951 699 4007 A0.
716 3969 870 4010 ucccxxtx.
