3000 5272
217 403 275 462 156
649 402 838 463 KAROLUS.

215 557 467 629 supervacuam
490 532 667 630 patienter
680 536 734 632 (ι)
762 535 858 605 tulit.
879 530 1149 632 celebravitque
1166 532 1278 605 Nata-

215 645 285 720 lem
303 648 449 723 Domini
467 649 664 738 Attiniaco,
683 666 720 723 et
737 648 865 722 Pascha
884 647 1102 765 Haristallio.

621 859 865 932 DCCLXXll.

263 1019 388 1090 Romae
406 1020 588 1119 Stephano
603 1048 692 1119 papa
711 1019 901 1105 defuncto,
920 1017 1118 1089 Hadrianus
1132 1017 1170 1091 in
1186 1042 1276 1117 pon·

215 1133 353 1205 tificatu
371 1139 551 1209 successit.
572 1139 646 1210 Rex
664 1163 750 1210 vero
767 1135 933 1220 Karalus,
954 1148 1171 1234 congregato
1183 1134 1275 1233 apud

214 1250 459 1324 Wormaciam
481 1254 635 1353 generali
659 1268 858 1341 conventu,
887 1252 1077 1324 saxoniam
1094 1247 1192 1324 bello
1213 1277 1276 1351 ag-

212 1365 311 1465 gredi
330 1369 476 1458 statuit,
496 1394 643 1468 eamque
667 1369 743 1440 sine
771 1392 871 1440 mora
900 1368 1098 1464 ingressus,
1115 1363 1218 1438 ferro
1241 1382 1276 1439 et

214 1480 296 1581 igne
313 1498 441 1554 cuncta
454 1481 704 1582 depopulatus,
720 1480 979 1581 AEresburgum
994 1496 1152 1552 castrum
1164 1480 1271 1581 cepit,

212 1595 350 1670 idolum
384 1599 483 1700 quod
517 1599 687 1672 irminsul
716 1601 769 1695 (a)
799 1625 818 1669 a
847 1594 1048 1671 Saxonibus
1082 1594 1275 1672 vocabatur

213 1717 354 1788 evertit.
375 1719 416 1788 ln
436 1723 535 1817 quns
551 1717 795 1793 destructione
812 1742 895 1787 cnm
911 1716 947 1788 in
962 1717 1089 1789 eodem
1105 1714 1190 1791 loco
1214 1741 1275 1817 per

213 1828 374 1904 triduum
393 1847 616 1921 moraretur,
642 1831 795 1931 contigit
812 1846 871 1918 ut,
891 1846 1041 1931 propter
1064 1830 1275 1905 continuam

213 1945 296 2019 coeli
311 1947 538 2022 serenitatem
557 1948 738 2022 exsiccatis
752 1945 921 2020 omnibus
934 1946 1028 2019 illins
1045 1946 1115 2021 loci
1134 1946 1222 2021 rivis
1235 1974 1274 2020 ac

211 2062 397 2154 lontibus,
414 2092 504 2167 aqna
520 2068 564 2137 ad
581 2064 780 2139 bibendum
798 2064 951 2137 inveniri
966 2091 1041 2138 non
1057 2064 1192 2165 posset.
1207 2064 1275 2139 Sed

212 2206 259 2254 ne
271 2182 405 2255 diutins
423 2184 481 2265 siti
498 2183 682 2257 confectus
697 2183 877 2255 laboraret
892 2158 1087 2269 exeiciuts,
1102 2179 1274 2253 divinitus

210 2297 347 2373 factum
365 2299 543 2390 creditur,
571 2315 614 2372 ut
627 2298 780 2401 quadam
808 2298 865 2372 die
877 2352 887 2385 ‚
913 2325 996 2372 cum
1007 2302 1110 2398 juxta
1135 2323 1274 2373 morem

212 2430 374 2516 tempore
396 2417 594 2491 meridiano
624 2417 746 2489 cuncti
773 2417 1017 2516 quiescerent,
1040 2420 1145 2515 juxta
1168 2441 1274 2490 mou-

213 2550 284 2607 tem
298 2536 369 2633 (ὅ),
389 2537 451 2636 qui
471 2536 593 2607 castris
608 2551 685 2608 erat
702 2535 912 2634 contignus,
935 2548 1031 2606 tanta
1051 2533 1103 2605 vis
1118 2558 1224 2634 aquae
1238 2521 1272 2607 iu

212 2674 370 2722 concavo
392 2651 443 2746 (4)
470 2650 649 2748 cujusdam
672 2649 845 2722 torrentis
870 2648 1048 2746 eruperit,
1075 2662 1117 2719 ut
1143 2663 1272 2722 cuncto

213 2766 383 2839 exercitui
410 2767 596 2840 sufficeret.
627 2767 726 2839 Tum
754 2794 835 2853 rex,
870 2764 968 2839 idolo
994 2765 1201 2853 destructo,
1231 2764 1271 2839 ad

211 2882 398 2955 Wisuram
421 2881 572 2955 fluvium
588 2883 754 2970 accessit,
775 2881 896 2983 ibique
913 2908 932 2953 a
958 2879 1161 2956 saxonibus
1180 2880 1271 2957 duo-

211 2998 325 3071 decim
345 2996 486 3073 obsides
508 3001 655 3098 accepit.
676 2999 762 3072 lnde
781 3000 818 3070 in
836 2998 1024 3072 Franciam
1040 3024 1218 3087 reversus,
1235 2998 1268 3071 iu

211 3112 296 3184 villa
309 3111 512 3186 Har-istallio
526 3129 562 3187 et
575 3113 737 3187 Natalem
750 3113 895 3187 Domini
908 3130 944 3187 et
957 3127 1115 3186 sanctam
1125 3110 1268 3187 Pascha·

211 3228 254 3301 lis
267 3227 347 3301 festi
367 3229 628 3303 solemnitatem
641 3230 698 3329 (5)
714 3229 919 3304 celebravit.

244 3556 284 3624 (ι)
303 3553 346 3607 Ita
355 3552 439 3608 habet
451 3554 545 3620 Perta,
560 3564 589 3609 et
599 3564 683 3609 recte.
696 3554 730 3608 D.
745 3554 832 3628 Bouq.
846 3558 1030 3627 impatienter.

245 3655 284 3725 (a)
300 3652 370 3709 cod.
388 3653 548 3710 vindobon.
565 3652 639 3720 654:
663 3654 813 3711 Irntinsula
834 3656 1002 3713 Sororibus.
1022 3656 1093 3713 Cod.
1115 3658 1207 3730 ejusd.
1226 3658 1263 3713 lti-

212 3742 312 3799 blioth.
324 3761 378 3817 99⁰
391 3767 395 3796 :
416 3744 562 3798 aninsul
573 3744 741 3799 Saxonibus.

246 3846 287 3919 (3)
303 3848 337 3902 D.
352 3847 440 3920 Bouq.
454 3866 540 3919 prope
555 3858 681 3903 ntontem.

245 3952 286 4022 (d)
302 3951 335 4005 D.
346 3951 434 4024 Bouq.
447 3970 583 4024 uquarum
597 3955 626 4005 in
639 3955 816 4006 concavitate.

247 4054 283 4125 (5)
302 4055 335 4109 Ι).
351 4054 437 4129 Bouq.
457 4065 578 4110 carectum
594 4055 710 4110 Pascha.
