3000 5272
383 434 423 493 ⁵6
631 429 725 489 vm
746 429 891 489 lttsotl
915 427 1185 490 lMPEliATOlilS.

383 586 518 634 cessum
537 562 604 657 (ι),
624 583 830 660 quanquam
841 560 879 630 in
896 587 935 633 ea
948 558 1179 634 meditatione
1193 574 1300 650 esset,
1318 573 1362 630 ut
1374 540 1447 657 ¹pro

381 675 501 774 ligneo
514 673 693 772 lapideum
706 675 920 748 restitueret.
937 674 1121 748 lnchoavit
1133 690 1169 747 et
1185 672 1313 774 palatia
1323 675 1448 774 operis

380 790 531 889 egregii,
564 815 677 862 unum
712 787 806 862 baud
839 790 947 889 longe
968 817 987 862 a
1012 790 1245 889 Mogontiaco
1273 786 1443 876 civitate,

375 909 477 1005 juxta
500 904 621 977 villam
642 909 742 1003 cujus
757 908 810 1003 (2)
836 904 1052 979 vocabulum
1074 921 1127 978 est
1148 904 1345 1004 ingelheim
1367 906 1443 1002 (3);

379 1024 534 1098 alterum
550 1024 760 1124 Noviomagi
788 1050 895 1124 super
913 1023 1084 1096 Vahalem
1101 1024 1154 1120 (4)
1179 1022 1352 1109 lluvium,
1379 1022 1445 1122 qui

379 1143 594 1213 Batavorum
624 1140 775 1212 insulam
806 1167 824 1211 a
858 1155 959 1238 parte
990 1139 1184 1211 meridiana
1213 1136 1442 1237 praeterlluit.

379 1257 563 1356 Praecipue
580 1272 699 1329 tamen
726 1257 817 1330 aedes
839 1283 952 1328 sacras
967 1258 1033 1354 (5),
1054 1254 1273 1353 ubicumque
1297 1255 1336 1326 iu
1362 1263 1445 1327 toto

378 1398 492 1471 regno
508 1399 573 1445 suo
589 1389 763 1446 vetustate
780 1373 949 1471 collapsas
966 1373 1142 1470 comperit
1163 1371 1233 1469 (6),
1253 1370 1444 1470 pontifici-

379 1484 447 1557 bus
468 1503 506 1558 et
528 1486 689 1584 patribus
716 1487 758 1558 ad
789 1513 945 1586 quorum
972 1512 1094 1558 curam
1124 1483 1378 1584 pertinebant,
1404 1499 1445 1556 ut

379 1618 680 1691 restaurarentur,
709 1605 912 1702 imperavit,
937 1602 1108 1676 adhibens
1124 1628 1246 1673 curam
1263 1627 1329 1699 per
1346 1600 1446 1700 lega·-

380 1733 455 1804 tos,
480 1736 521 1792 ut
543 1721 713 1818 imperata
736 1720 962 1817 perficerent.
995 1718 1144 1792 Molitus
1166 1733 1276 1791 estet
1298 1716 1445 1792 classem

381 1852 506 1909 contra
533 1836 668 1910 bellum
692 1836 994 1910 Nortmannicum
1013 1838 1087 1933 (7),
1107 1833 1289 1907 aedificatis
1310 1834 1356 1906 ad
1376 1832 1446 1909 boc

380 1952 532 2026 navibus
543 1958 645 2052 juxta
662 1954 830 2040 llumina,
849 1981 931 2053 quae
944 1970 980 2026 et
993 1951 1037 2025 de
1053 1952 1166 2025 Gallia
1183 1967 1220 2025 et
1236 1952 1281 2024 de
1296 1950 1446 2025 Germi-

383 2068 441 2139 nia
451 2069 766 2165 septentrionalem
784 2068 944 2140 inlluunt
961 2069 1163 2152 Oceanum
1179 2082 1216 2139 et
1231 2067 1315 2166 quia
1329 2066 1445 2139 Nort-

381 2184 504 2254 manni
525 2181 702 2254 Gallicum
720 2182 820 2253 littus
840 2196 946 2280 atque
958 2180 1215 2254 Germanicum
1232 2179 1369 2252 assidua
1392 2182 1445 2253 in·

381 2297 570 2372 festatione
601 2298 804 2384 vastabant,
831 2324 896 2394 per
915 2323 1039 2370 omnes
1059 2315 1185 2396 portus
1212 2312 1250 2370 et
1277 2299 1370 2370 ostia
1389 2298 1443 2396 (8)

382 2412 595 2499 fluminum,
615 2440 684 2512 qua
699 2415 752 2511 (9)
770 2438 875 2484 naves
890 2414 1000 2511 recipi
1018 2439 1119 2511 posse
1135 2411 1366 2501 videbantur,
1381 2427 1446 2486 sta·

383 2527 544 2604 tionibus
561 2544 598 2601 et
617 2528 775 2602 excubiis
792 2528 989 2627 dispositis,
1010 2555 1055 2600 ne
1064 2555 1134 2627 qua
1147 2527 1258 2601 bostis
1267 2529 1367 2603 exire
1383 2554 1445 2628 po-

384 2645 530 2729 tuisset,
552 2644 612 2715 tali
629 2647 834 2718 munitione
850 2642 1050 2742 prohibuit.
1070 2644 1168 2716 Fecit
1186 2641 1278 2716 idem
1305 2670 1324 2714 a
1345 2658 1445 2742 parte

381 2758 574 2830 meridiana
593 2759 630 2828 in
654 2759 777 2831 littore
796 2761 993 2857 provinciae
1011 2757 1255 2831 Narbonensis
1270 2784 1312 2831 ac
1326 2759 1445 2859 Septi·

387 2940 521 2949 ——..-.-
563 2944 566 2948 .
607 2942 614 2948 .
681 2941 898 2951 .--...---.---.

417 3047 457 3114 (a)
474 3041 564 3099 Codd.
586 3042 737 3097 Florentio.
761 3043 861 3115 Regin.
884 3044 1019 3098 Christin.
1041 3045 1107 3119 6923
1128 3056 1158 3101 et
1175 3045 1247 3118 Reg.
1269 3047 1333 3102 Par.
1356 3045 1442 3114 5354:

383 3131 545 3186 discessum.

416 3223 456 3290 (α)
475 3219 643 3289 Quindecim
657 3218 739 3273 codd.
752 3224 805 3273 cui.

418 3309 457 3377 (a)
475 3310 579 3364 Novem
598 3309 680 3364 codd.
700 3308 885 3381 ingilenheim
895 3336 902 3369 ‚·
922 3309 968 3363 all.
991 3310 1179 3383 Ingiletlteim,
1202 3312 1444 3386 Ennigileeltein‚

384 3398 582 3471 Bngiletlteint,
596 3397 797 3471 Ingilemlietns,
812 3398 1002 3470 Ingilemltem,
1018 3400 1217 3472 ingelenheim,
1230 3400 1449 3473 Ingelentbeim,

383 3487 576 3561 Ingelenteim,
586 3486 755 3559 Ingeleltem,
766 3486 950 3557 ingenuitas,
960 3487 1106 3558 Ingelltem
1113 3514 1120 3547 ;
1128 3488 1223 3544 Peru:
1234 3489 1444 3563 Engilenlteiut.

417 3578 457 3646 (l)
475 3575 597 3629 lluenar.
611 3592 724 3629 comes:
745 3574 898 3629 Walterlem.

417 3661 457 3733 (5)
474 3662 519 3718 Cl.
535 3663 648 3718 Suetou.
662 3667 781 3734 August.
795 3681 821 3718 c.
836 3661 880 3717 30.

417 3753 457 3825 (6)
474 3752 566 3808 codd.
580 3751 740 3807 l'iudobou.
759 3752 827 3806 roes
840 3770 889 3806 110
901 3776 906 3803 :
922 3756 1050 3823 repperit.

417 3844 458 3916 (7)
476 3840 531 3896 All.
544 3840 811 3905 ,l'ordomannicum
823 3839 1071 3897 Nordmnnnicum.
1085 3840 1365 3907 i'l'nrde'smannicuen,
1376 3842 1445 3899 Nar

383 3933 558 3989 mannicum
573 3930 612 3982 sic
625 3929 715 3981 intua:
731 3927 912 3981 nordmanna·
919 3967 925 3991 ,
940 3926 1137 3982 2t'ordomnnni
1142 3974 1148 3987 .
1163 3940 1218 3984 etc.

417 4017 456 4087 (8)
473 4016 519 4072 Sic
532 4015 593 4070 cod.
610 4014 770 4069 l'indobou.
784 4012 846 4079 stt,
856 4024 885 4067 et
897 4030 952 4066 uon
962 4012 1031 4065 nulli
1043 4013 1088 4067 all.
1101 4048 1130 4054 -
1142 4016 1239 4081 Perti,
1251 4037 1317 4073 curn
1329 4018 1445 4093 quibust

385 4104 448 4158 dam
462 4104 541 4159 codd.
558 4105 656 4159 hostin.
672 4134 701 4141 -
712 4102 783 4157 Cod.
796 4102 947 4156 l'loirntiu.
964 4099 1057 4155 liunus

419 4196 459 4265 (pl
476 4196 515 4249 lta
532 4196 611 4250 lsalnt
627 4195 660 4247 tt.
677 4193 763 4264 llouq.
777 4202 803 4244 ct
818 4191 941 4263 plerique
954 4188 1034 4244 codd.
1047 4221 1081 4236 -
1092 4192 1170 4247 Perta
1186 4240 1189 4245 .
1204 4200 1261 4263 qui.
