<?xml version="1.0" encoding="UTF-8"?>
<!DOCTYPE html PUBLIC "-//W3C//DTD XHTML 1.0 Transitional//EN"
    "http://www.w3.org/TR/xhtml1/DTD/xhtml1-transitional.dtd">
<html xmlns="http://www.w3.org/1999/xhtml" xml:lang="en" lang="en">
 <head>
  <title>
</title>
<meta http-equiv="Content-Type" content="text/html;charset=utf-8" />
  <meta name='ocr-system' content='tesseract 3.04.00' />
  <meta name='ocr-capabilities' content='ocr_page ocr_carea ocr_par ocr_line ocrx_word'/>
</head>
<body>
  <div class='ocr_page' id='page_1' title='image "./einhardiomniaqu01einhgoog_0049.png"; bbox 0 0 3000 5272; ppageno 0'>
   <div class='ocr_carea' id='block_1_1' title="bbox 370 358 1187 428">
    <p class='ocr_par' dir='ltr' id='par_1_1' title="bbox 370 358 1187 428">
     <span class='ocr_line' id='line_1_1' title="bbox 370 358 1187 428; baseline -0.013 0"><span class='ocrx_word' id='word_1_1' title='bbox 370 366 411 428; x_wconf 78' lang='lat'><strong>³4</strong></span> <span class='ocrx_word' id='word_1_2' title='bbox 627 362 720 422; x_wconf 84' lang='lat' dir='ltr'>VITA</span> <span class='ocrx_word' id='word_1_3' title='bbox 743 361 889 423; x_wconf 80' lang='lat' dir='ltr'><strong>llllROLl</strong></span> <span class='ocrx_word' id='word_1_4' title='bbox 912 358 1187 420; x_wconf 80' lang='lat' dir='ltr'><strong>IMPERATORlS.</strong></span> 
     </span>
    </p>
   </div>
   <div class='ocr_carea' id='block_1_2' title="bbox 369 489 1447 1302">
    <p class='ocr_par' dir='ltr' id='par_1_2' title="bbox 369 489 1447 1302">
     <span class='ocr_line' id='line_1_2' title="bbox 418 489 1444 590; baseline -0.006 -20"><span class='ocrx_word' id='word_1_5' title='bbox 418 494 468 570; x_wconf 86' lang='grc' dir='ltr'><strong>Χ.</strong></span> <span class='ocrx_word' id='word_1_6' title='bbox 498 492 648 568; x_wconf 89' lang='lat' dir='ltr'><strong>Domuit</strong></span> <span class='ocrx_word' id='word_1_7' title='bbox 663 493 715 589; x_wconf 85' lang='grc' dir='ltr'><strong>(ι)</strong></span> <span class='ocrx_word' id='word_1_8' title='bbox 733 506 770 565; x_wconf 89' lang='lat' dir='ltr'><strong>et</strong></span> <span class='ocrx_word' id='word_1_9' title='bbox 791 491 996 579; x_wconf 78' lang='lat' dir='ltr'><strong>Brittones,</strong></span> <span class='ocrx_word' id='word_1_10' title='bbox 1015 492 1079 590; x_wconf 94' lang='lat' dir='ltr'><strong>qui</strong></span> <span class='ocrx_word' id='word_1_11' title='bbox 1098 489 1142 561; x_wconf 93' lang='lat' dir='ltr'><strong>ad</strong></span> <span class='ocrx_word' id='word_1_12' title='bbox 1159 489 1386 565; x_wconf 87' lang='lat' dir='ltr'><strong>occidentem</strong></span> <span class='ocrx_word' id='word_1_13' title='bbox 1407 492 1444 564; x_wconf 92' lang='lat' dir='ltr'><strong>in</strong></span> 
     </span>
     <span class='ocr_line' id='line_1_3' title="bbox 370 607 1445 712; baseline -0.004 -26"><span class='ocrx_word' id='word_1_14' title='bbox 370 629 527 686; x_wconf 84' lang='lat' dir='ltr'><strong>extrema</strong></span> <span class='ocrx_word' id='word_1_15' title='bbox 541 607 694 712; x_wconf 89' lang='lat' dir='ltr'><strong>quadam</strong></span> <span class='ocrx_word' id='word_1_16' title='bbox 706 623 808 707; x_wconf 92' lang='lat' dir='ltr'><strong>parte</strong></span> <span class='ocrx_word' id='word_1_17' title='bbox 821 607 949 681; x_wconf 87' lang='lat' dir='ltr'><strong>Galliae</strong></span> <span class='ocrx_word' id='word_1_18' title='bbox 963 634 1070 707; x_wconf 90' lang='lat' dir='ltr'><strong>super</strong></span> <span class='ocrx_word' id='word_1_19' title='bbox 1087 608 1191 680; x_wconf 89' lang='lat' dir='ltr'><strong>littus</strong></span> <span class='ocrx_word' id='word_1_20' title='bbox 1207 608 1345 682; x_wconf 83' lang='lat' dir='ltr'><strong>Oceani</strong></span> <span class='ocrx_word' id='word_1_21' title='bbox 1360 611 1445 682; x_wconf 89' lang='lat' dir='ltr'><strong>resi-</strong></span> 
     </span>
     <span class='ocr_line' id='line_1_4' title="bbox 370 725 1445 823; baseline -0.003 -22"><span class='ocrx_word' id='word_1_22' title='bbox 370 728 516 820; x_wconf 88' lang='lat' dir='ltr'><strong>dentes,</strong></span> <span class='ocrx_word' id='word_1_23' title='bbox 541 727 641 802; x_wconf 90' lang='lat' dir='ltr'><strong>dicto</strong></span> <span class='ocrx_word' id='word_1_24' title='bbox 663 725 847 800; x_wconf 78' lang='lat' dir='ltr'><strong>audientes</strong></span> <span class='ocrx_word' id='word_1_25' title='bbox 867 726 919 823; x_wconf 85' lang='lat'><strong>(2)</strong></span> <span class='ocrx_word' id='word_1_26' title='bbox 941 752 1018 800; x_wconf 92' lang='lat' dir='ltr'><strong>non</strong></span> <span class='ocrx_word' id='word_1_27' title='bbox 1041 741 1165 815; x_wconf 86' lang='lat' dir='ltr'><strong>erant,</strong></span> <span class='ocrx_word' id='word_1_28' title='bbox 1193 726 1298 798; x_wconf 90' lang='lat' dir='ltr'><strong>missa</strong></span> <span class='ocrx_word' id='word_1_29' title='bbox 1322 726 1362 798; x_wconf 92' lang='lat' dir='ltr'><strong>in</strong></span> <span class='ocrx_word' id='word_1_30' title='bbox 1387 752 1445 800; x_wconf 89' lang='lat' dir='ltr'><strong>eos</strong></span> 
     </span>
     <span class='ocr_line' id='line_1_5' title="bbox 369 843 1445 947; baseline -0.004 -26"><span class='ocrx_word' id='word_1_31' title='bbox 369 845 613 947; x_wconf 85' lang='lat' dir='ltr'><strong>expeditione,</strong></span> <span class='ocrx_word' id='word_1_32' title='bbox 629 872 700 945; x_wconf 92' lang='lat' dir='ltr'><strong>qua</strong></span> <span class='ocrx_word' id='word_1_33' title='bbox 713 860 749 919; x_wconf 89' lang='lat' dir='ltr'><strong>et</strong></span> <span class='ocrx_word' id='word_1_34' title='bbox 761 843 902 918; x_wconf 90' lang='lat' dir='ltr'><strong>obsides</strong></span> <span class='ocrx_word' id='word_1_35' title='bbox 916 844 1014 932; x_wconf 87' lang='lat' dir='ltr'><strong>dare,</strong></span> <span class='ocrx_word' id='word_1_36' title='bbox 1032 856 1068 920; x_wconf 90' lang='lat' dir='ltr'><strong>et</strong></span> <span class='ocrx_word' id='word_1_37' title='bbox 1080 871 1163 945; x_wconf 83' lang='lat' dir='ltr'><strong>quae</strong></span> <span class='ocrx_word' id='word_1_38' title='bbox 1177 845 1445 944; x_wconf 85' lang='lat' dir='ltr'><strong>imperarentur</strong></span> 
     </span>
     <span class='ocr_line' id='line_1_6' title="bbox 370 963 1445 1063; baseline -0.001 -26"><span class='ocrx_word' id='word_1_39' title='bbox 370 993 406 1040; x_wconf 90' lang='lat' dir='ltr'><strong>se</strong></span> <span class='ocrx_word' id='word_1_40' title='bbox 431 966 594 1037; x_wconf 87' lang='lat' dir='ltr'><strong>facturos</strong></span> <span class='ocrx_word' id='word_1_41' title='bbox 616 963 801 1063; x_wconf 85' lang='lat' dir='ltr'><strong>polliceri,</strong></span> <span class='ocrx_word' id='word_1_42' title='bbox 830 963 944 1037; x_wconf 88' lang='lat' dir='ltr'><strong>coacti</strong></span> <span class='ocrx_word' id='word_1_43' title='bbox 974 980 1073 1035; x_wconf 90' lang='lat' dir='ltr'><strong>sunt.</strong></span> <span class='ocrx_word' id='word_1_44' title='bbox 1102 965 1181 1062; x_wconf 90' lang='lat' dir='ltr'><strong>lpse</strong></span> <span class='ocrx_word' id='word_1_45' title='bbox 1208 981 1331 1063; x_wconf 89' lang='lat' dir='ltr'><strong>postea</strong></span> <span class='ocrx_word' id='word_1_46' title='bbox 1363 989 1445 1036; x_wconf 90' lang='lat' dir='ltr'><strong>cum</strong></span> 
     </span>
     <span class='ocr_line' id='line_1_7' title="bbox 369 1083 1443 1184; baseline -0.004 -26"><span class='ocrx_word' id='word_1_47' title='bbox 369 1085 530 1158; x_wconf 87' lang='lat' dir='ltr'><strong>exercitu</strong></span> <span class='ocrx_word' id='word_1_48' title='bbox 548 1083 688 1155; x_wconf 88' lang='lat' dir='ltr'><strong>ltaliam</strong></span> <span class='ocrx_word' id='word_1_49' title='bbox 712 1084 891 1183; x_wconf 84' lang='lat' dir='ltr'><strong>ingressus</strong></span> <span class='ocrx_word' id='word_1_50' title='bbox 909 1108 949 1153; x_wconf 88' lang='lat' dir='ltr'><strong>ac</strong></span> <span class='ocrx_word' id='word_1_51' title='bbox 967 1108 1033 1180; x_wconf 89' lang='lat' dir='ltr'><strong>per</strong></span> <span class='ocrx_word' id='word_1_52' title='bbox 1057 1083 1212 1155; x_wconf 86' lang='lat' dir='ltr'><strong>Romam</strong></span> <span class='ocrx_word' id='word_1_53' title='bbox 1230 1083 1299 1154; x_wconf 90' lang='lat' dir='ltr'><strong>iter</strong></span> <span class='ocrx_word' id='word_1_54' title='bbox 1315 1108 1443 1184; x_wconf 81' lang='lat' dir='ltr'><strong>agens,</strong></span> 
     </span>
     <span class='ocr_line' id='line_1_8' title="bbox 369 1198 1447 1302; baseline -0.003 -29"><span class='ocrx_word' id='word_1_55' title='bbox 369 1203 547 1302; x_wconf 88' lang='lat' dir='ltr'><strong>Capuam,</strong></span> <span class='ocrx_word' id='word_1_56' title='bbox 566 1200 771 1298; x_wconf 88' lang='lat' dir='ltr'><strong>Campaniae</strong></span> <span class='ocrx_word' id='word_1_57' title='bbox 784 1198 933 1285; x_wconf 90' lang='lat' dir='ltr'><strong>urbem,</strong></span> <span class='ocrx_word' id='word_1_58' title='bbox 947 1200 1111 1289; x_wconf 87' lang='lat' dir='ltr'><strong>accessit,</strong></span> <span class='ocrx_word' id='word_1_59' title='bbox 1127 1216 1236 1299; x_wconf 89' lang='lat' dir='ltr'><strong>atque</strong></span> <span class='ocrx_word' id='word_1_60' title='bbox 1250 1199 1302 1271; x_wconf 89' lang='lat' dir='ltr'><strong>ibi</strong></span> <span class='ocrx_word' id='word_1_61' title='bbox 1320 1200 1447 1299; x_wconf 90' lang='lat' dir='ltr'><strong>positis</strong></span> 
     </span>
    </p>
   </div>
   <div class='ocr_carea' id='block_1_3' title="bbox 240 1311 1447 1416">
    <p class='ocr_par' dir='ltr' id='par_1_3' title="bbox 240 1311 1447 1416">
     <span class='ocr_line' id='line_1_9' title="bbox 240 1311 1447 1416; baseline -0.002 -23"><span class='ocrx_word' id='word_1_62' title='bbox 240 1311 243 1314; x_wconf 28' lang='lat'><strong>⁴</strong></span> <span class='ocrx_word' id='word_1_63' title='bbox 369 1320 511 1407; x_wconf 86' lang='lat' dir='ltr'><strong>castris,</strong></span> <span class='ocrx_word' id='word_1_64' title='bbox 526 1316 664 1392; x_wconf 89' lang='lat' dir='ltr'><strong>bellurn</strong></span> <span class='ocrx_word' id='word_1_65' title='bbox 676 1317 958 1407; x_wconf 84' lang='lat' dir='ltr'><strong>Beneventanis,</strong></span> <span class='ocrx_word' id='word_1_66' title='bbox 971 1318 1010 1390; x_wconf 93' lang='lat' dir='ltr'><strong>ni</strong></span> <span class='ocrx_word' id='word_1_67' title='bbox 1024 1317 1245 1392; x_wconf 87' lang='lat' dir='ltr'><strong>dederentur</strong></span> <span class='ocrx_word' id='word_1_68' title='bbox 1258 1321 1329 1416; x_wconf 70' lang='grc' dir='ltr'>(ὃ),</span> <span class='ocrx_word' id='word_1_69' title='bbox 1345 1345 1447 1394; x_wconf 91' lang='lat' dir='ltr'><strong>com-</strong></span> 
     </span>
    </p>
   </div>
   <div class='ocr_carea' id='block_1_4' title="bbox 322 1435 1450 2946">
    <p class='ocr_par' dir='ltr' id='par_1_4' title="bbox 322 1435 1450 2946">
     <span class='ocr_line' id='line_1_10' title="bbox 369 1435 1443 1538; baseline 0.001 -29"><span class='ocrx_word' id='word_1_70' title='bbox 369 1437 527 1509; x_wconf 90' lang='lat' dir='ltr'><strong>minatus</strong></span> <span class='ocrx_word' id='word_1_71' title='bbox 549 1451 615 1510; x_wconf 88' lang='lat' dir='ltr'><strong>est.</strong></span> <span class='ocrx_word' id='word_1_72' title='bbox 640 1437 822 1509; x_wconf 89' lang='lat' dir='ltr'><strong>Praevenit</strong></span> <span class='ocrx_word' id='word_1_73' title='bbox 846 1435 915 1511; x_wconf 91' lang='lat' dir='ltr'><strong>hoc</strong></span> <span class='ocrx_word' id='word_1_74' title='bbox 939 1436 1013 1508; x_wconf 84' lang='lat' dir='ltr'><strong>dux</strong></span> <span class='ocrx_word' id='word_1_75' title='bbox 1037 1438 1155 1536; x_wconf 84' lang='lat' dir='ltr'><strong>gentis</strong></span> <span class='ocrx_word' id='word_1_76' title='bbox 1178 1436 1347 1538; x_wconf 82' lang='lat' dir='ltr'><strong>Aragisus</strong></span> <span class='ocrx_word' id='word_1_77' title='bbox 1371 1440 1443 1535; x_wconf 69' lang='lat' dir='ltr'><strong>(d),</strong></span> 
     </span>
     <span class='ocr_line' id='line_1_11' title="bbox 369 1551 1445 1654; baseline -0.001 -28"><span class='ocrx_word' id='word_1_78' title='bbox 369 1553 463 1627; x_wconf 90' lang='lat' dir='ltr'><strong>filios</strong></span> <span class='ocrx_word' id='word_1_79' title='bbox 489 1579 572 1626; x_wconf 92' lang='lat' dir='ltr'><strong>suos</strong></span> <span class='ocrx_word' id='word_1_80' title='bbox 580 1607 591 1640; x_wconf 94' lang='lat'><strong>,</strong></span> <span class='ocrx_word' id='word_1_81' title='bbox 617 1551 840 1626; x_wconf 92' lang='lat' dir='ltr'><strong>Rumoldum</strong></span> <span class='ocrx_word' id='word_1_82' title='bbox 867 1569 904 1625; x_wconf 92' lang='lat' dir='ltr'><strong>et</strong></span> <span class='ocrx_word' id='word_1_83' title='bbox 927 1551 1178 1642; x_wconf 90' lang='lat' dir='ltr'><strong>Grimoldum,</strong></span> <span class='ocrx_word' id='word_1_84' title='bbox 1208 1579 1292 1625; x_wconf 90' lang='lat' dir='ltr'><strong>cum</strong></span> <span class='ocrx_word' id='word_1_85' title='bbox 1318 1581 1445 1654; x_wconf 77' lang='lat' dir='ltr'><strong>magna</strong></span> 
     </span>
     <span class='ocr_line' id='line_1_12' title="bbox 369 1669 1448 1770; baseline 0 -27"><span class='ocrx_word' id='word_1_86' title='bbox 369 1671 521 1768; x_wconf 89' lang='lat' dir='ltr'><strong>pecunia</strong></span> <span class='ocrx_word' id='word_1_87' title='bbox 538 1669 683 1744; x_wconf 91' lang='lat' dir='ltr'><strong>obviam</strong></span> <span class='ocrx_word' id='word_1_88' title='bbox 700 1671 775 1769; x_wconf 83' lang='lat' dir='ltr'><strong>regi</strong></span> <span class='ocrx_word' id='word_1_89' title='bbox 794 1671 964 1756; x_wconf 88' lang='lat' dir='ltr'><strong>mittens,</strong></span> <span class='ocrx_word' id='word_1_90' title='bbox 983 1685 1108 1770; x_wconf 82' lang='lat' dir='ltr'><strong>rogat,</strong></span> <span class='ocrx_word' id='word_1_91' title='bbox 1133 1688 1176 1742; x_wconf 90' lang='lat' dir='ltr'><strong>ut</strong></span> <span class='ocrx_word' id='word_1_92' title='bbox 1193 1670 1336 1746; x_wconf 90' lang='lat' dir='ltr'><strong>obsides</strong></span> <span class='ocrx_word' id='word_1_93' title='bbox 1354 1671 1448 1744; x_wconf 91' lang='lat' dir='ltr'><strong>filios</strong></span> 
     </span>
     <span class='ocr_line' id='line_1_13' title="bbox 322 1788 1448 1890; baseline 0 -30"><span class='ocrx_word' id='word_1_94' title='bbox 322 1870 327 1878; x_wconf 31' lang='lat'>¹</span> <span class='ocrx_word' id='word_1_95' title='bbox 370 1788 559 1886; x_wconf 72' lang='lat' dir='ltr'><strong>suscipiat,</strong></span> <span class='ocrx_word' id='word_1_96' title='bbox 579 1814 687 1887; x_wconf 90' lang='lat' dir='ltr'><strong>seque</strong></span> <span class='ocrx_word' id='word_1_97' title='bbox 704 1804 911 1888; x_wconf 82' lang='lat' dir='ltr'><strong>cumgente</strong></span> <span class='ocrx_word' id='word_1_98' title='bbox 934 1789 1108 1888; x_wconf 88' lang='lat' dir='ltr'><strong>imperata</strong></span> <span class='ocrx_word' id='word_1_99' title='bbox 1129 1789 1314 1862; x_wconf 89' lang='lat' dir='ltr'><strong>facturum</strong></span> <span class='ocrx_word' id='word_1_100' title='bbox 1335 1790 1448 1890; x_wconf 91' lang='lat' dir='ltr'><strong>polli-</strong></span> 
     </span>
     <span class='ocr_line' id='line_1_14' title="bbox 370 1905 1447 2006; baseline 0.002 -28"><span class='ocrx_word' id='word_1_101' title='bbox 370 1921 486 1994; x_wconf 89' lang='lat' dir='ltr'><strong>cetur,</strong></span> <span class='ocrx_word' id='word_1_102' title='bbox 506 1920 641 2004; x_wconf 84' lang='lat' dir='ltr'><strong>praeter</strong></span> <span class='ocrx_word' id='word_1_103' title='bbox 660 1905 729 1979; x_wconf 87' lang='lat' dir='ltr'><strong>hoc</strong></span> <span class='ocrx_word' id='word_1_104' title='bbox 754 1906 892 1994; x_wconf 90' lang='lat' dir='ltr'><strong>solum,</strong></span> <span class='ocrx_word' id='word_1_105' title='bbox 911 1907 940 1977; x_wconf 92' lang='lat' dir='ltr'><strong>si</strong></span> <span class='ocrx_word' id='word_1_106' title='bbox 965 1908 1042 2006; x_wconf 89' lang='lat' dir='ltr'><strong>ipse</strong></span> <span class='ocrx_word' id='word_1_107' title='bbox 1063 1906 1107 1979; x_wconf 88' lang='lat' dir='ltr'><strong>ad</strong></span> <span class='ocrx_word' id='word_1_108' title='bbox 1132 1921 1367 2006; x_wconf 89' lang='lat' dir='ltr'><strong>conspectum</strong></span> <span class='ocrx_word' id='word_1_109' title='bbox 1387 1934 1447 1980; x_wconf 86' lang='lat' dir='ltr'><strong>ve·</strong></span> 
     </span>
     <span class='ocr_line' id='line_1_15' title="bbox 370 2023 1447 2124; baseline -0.001 -28"><span class='ocrx_word' id='word_1_110' title='bbox 370 2024 451 2097; x_wconf 89' lang='lat' dir='ltr'><strong>nire</strong></span> <span class='ocrx_word' id='word_1_111' title='bbox 464 2049 541 2096; x_wconf 89' lang='lat' dir='ltr'><strong>non</strong></span> <span class='ocrx_word' id='word_1_112' title='bbox 560 2038 750 2123; x_wconf 80' lang='lat' dir='ltr'><strong>cogeretur</strong></span> <span class='ocrx_word' id='word_1_113' title='bbox 763 2023 828 2119; x_wconf 84' lang='grc'>(5).</span> <span class='ocrx_word' id='word_1_114' title='bbox 851 2025 926 2096; x_wconf 85' lang='lat' dir='ltr'><strong>Rex</strong></span> <span class='ocrx_word' id='word_1_115' title='bbox 941 2025 1016 2122; x_wconf 90' lang='grc'>(6),</span> <span class='ocrx_word' id='word_1_116' title='bbox 1032 2023 1189 2096; x_wconf 83' lang='lat' dir='ltr'><strong>utilitate</strong></span> <span class='ocrx_word' id='word_1_117' title='bbox 1201 2025 1319 2124; x_wconf 85' lang='lat' dir='ltr'><strong>gentis</strong></span> <span class='ocrx_word' id='word_1_118' title='bbox 1336 2024 1447 2124; x_wconf 84' lang='lat' dir='ltr'><strong>magis</strong></span> 
     </span>
     <span class='ocr_line' id='line_1_16' title="bbox 371 2137 1448 2241; baseline -0.001 -29"><span class='ocrx_word' id='word_1_119' title='bbox 371 2166 481 2241; x_wconf 82' lang='lat' dir='ltr'><strong>quam</strong></span> <span class='ocrx_word' id='word_1_120' title='bbox 502 2140 613 2211; x_wconf 92' lang='lat' dir='ltr'><strong>animi</strong></span> <span class='ocrx_word' id='word_1_121' title='bbox 631 2142 706 2238; x_wconf 87' lang='lat' dir='ltr'><strong>ejus</strong></span> <span class='ocrx_word' id='word_1_122' title='bbox 725 2137 972 2213; x_wconf 87' lang='lat' dir='ltr'><strong>obstinatione</strong></span> <span class='ocrx_word' id='word_1_123' title='bbox 990 2139 1234 2228; x_wconf 86' lang='lat' dir='ltr'><strong>considerata,</strong></span> <span class='ocrx_word' id='word_1_124' title='bbox 1252 2155 1289 2213; x_wconf 89' lang='lat' dir='ltr'><strong>et</strong></span> <span class='ocrx_word' id='word_1_125' title='bbox 1305 2139 1448 2214; x_wconf 88' lang='lat' dir='ltr'><strong>oblatos</strong></span> 
     </span>
     <span class='ocr_line' id='line_1_17' title="bbox 371 2255 1448 2356; baseline 0 -26"><span class='ocrx_word' id='word_1_126' title='bbox 371 2255 440 2331; x_wconf 90' lang='lat' dir='ltr'><strong>sibi</strong></span> <span class='ocrx_word' id='word_1_127' title='bbox 457 2255 599 2330; x_wconf 89' lang='lat' dir='ltr'><strong>obsides</strong></span> <span class='ocrx_word' id='word_1_128' title='bbox 611 2256 666 2355; x_wconf 86' lang='lat'><strong>(7)</strong></span> <span class='ocrx_word' id='word_1_129' title='bbox 682 2257 856 2354; x_wconf 89' lang='lat' dir='ltr'><strong>suscepit,</strong></span> <span class='ocrx_word' id='word_1_130' title='bbox 872 2257 997 2356; x_wconf 89' lang='lat' dir='ltr'><strong>eique,</strong></span> <span class='ocrx_word' id='word_1_131' title='bbox 1017 2272 1059 2328; x_wconf 92' lang='lat' dir='ltr'><strong>ut</strong></span> <span class='ocrx_word' id='word_1_132' title='bbox 1071 2257 1115 2329; x_wconf 93' lang='lat' dir='ltr'><strong>ad</strong></span> <span class='ocrx_word' id='word_1_133' title='bbox 1133 2271 1370 2356; x_wconf 90' lang='lat' dir='ltr'><strong>conspectum</strong></span> <span class='ocrx_word' id='word_1_134' title='bbox 1387 2283 1448 2330; x_wconf 82' lang='lat' dir='ltr'><strong>ve-</strong></span> 
     </span>
     <span class='ocr_line' id='line_1_18' title="bbox 372 2375 1446 2475; baseline -0.001 -28"><span class='ocrx_word' id='word_1_135' title='bbox 372 2375 453 2450; x_wconf 88' lang='lat' dir='ltr'><strong>nire</strong></span> <span class='ocrx_word' id='word_1_136' title='bbox 482 2398 559 2448; x_wconf 91' lang='lat' dir='ltr'><strong>non</strong></span> <span class='ocrx_word' id='word_1_137' title='bbox 589 2388 792 2473; x_wconf 85' lang='lat' dir='ltr'><strong>cogeretur,</strong></span> <span class='ocrx_word' id='word_1_138' title='bbox 818 2398 887 2473; x_wconf 93' lang='lat' dir='ltr'><strong>pro</strong></span> <span class='ocrx_word' id='word_1_139' title='bbox 912 2400 1045 2475; x_wconf 82' lang='lat' dir='ltr'><strong>magno</strong></span> <span class='ocrx_word' id='word_1_140' title='bbox 1072 2399 1225 2448; x_wconf 88' lang='lat' dir='ltr'><strong>munere</strong></span> <span class='ocrx_word' id='word_1_141' title='bbox 1250 2375 1446 2461; x_wconf 86' lang='lat' dir='ltr'><strong>concessit;</strong></span> 
     </span>
     <span class='ocr_line' id='line_1_19' title="bbox 372 2491 1449 2594; baseline -0.001 -28"><span class='ocrx_word' id='word_1_142' title='bbox 372 2519 520 2594; x_wconf 89' lang='lat' dir='ltr'><strong>unoque</strong></span> <span class='ocrx_word' id='word_1_143' title='bbox 537 2519 580 2566; x_wconf 84' lang='lat' dir='ltr'><strong>ex</strong></span> <span class='ocrx_word' id='word_1_144' title='bbox 596 2491 700 2580; x_wconf 87' lang='lat' dir='ltr'><strong>filiis,</strong></span> <span class='ocrx_word' id='word_1_145' title='bbox 716 2494 778 2593; x_wconf 90' lang='lat' dir='ltr'><strong>qui</strong></span> <span class='ocrx_word' id='word_1_146' title='bbox 794 2494 918 2566; x_wconf 91' lang='lat' dir='ltr'><strong>minor</strong></span> <span class='ocrx_word' id='word_1_147' title='bbox 937 2510 1032 2582; x_wconf 90' lang='lat' dir='ltr'><strong>erat,</strong></span> <span class='ocrx_word' id='word_1_148' title='bbox 1053 2491 1237 2566; x_wconf 89' lang='lat' dir='ltr'><strong>obsidatus</strong></span> <span class='ocrx_word' id='word_1_149' title='bbox 1254 2494 1368 2594; x_wconf 80' lang='lat' dir='ltr'><strong>gratia</strong></span> <span class='ocrx_word' id='word_1_150' title='bbox 1388 2519 1449 2566; x_wconf 87' lang='lat' dir='ltr'><strong>re-</strong></span> 
     </span>
     <span class='ocr_line' id='line_1_20' title="bbox 373 2605 1450 2710; baseline -0.001 -28"><span class='ocrx_word' id='word_1_151' title='bbox 373 2627 497 2698; x_wconf 86' lang='lat' dir='ltr'><strong>tento,</strong></span> <span class='ocrx_word' id='word_1_152' title='bbox 525 2614 699 2710; x_wconf 89' lang='lat' dir='ltr'><strong>maj0rem</strong></span> <span class='ocrx_word' id='word_1_153' title='bbox 725 2613 820 2708; x_wconf 87' lang='lat' dir='ltr'><strong>patri</strong></span> <span class='ocrx_word' id='word_1_154' title='bbox 850 2611 1008 2699; x_wconf 88' lang='lat' dir='ltr'><strong>remisit,</strong></span> <span class='ocrx_word' id='word_1_155' title='bbox 1039 2610 1234 2710; x_wconf 82' lang='lat' dir='ltr'><strong>legatisque</strong></span> <span class='ocrx_word' id='word_1_156' title='bbox 1253 2605 1308 2684; x_wconf 52' lang='lat' dir='ltr'><strong>&#39;ob</strong></span> <span class='ocrx_word' id='word_1_157' title='bbox 1334 2637 1450 2682; x_wconf 90' lang='lat' dir='ltr'><strong>sacra-</strong></span> 
     </span>
     <span class='ocr_line' id='line_1_21' title="bbox 372 2728 1450 2830; baseline -0.004 -26"><span class='ocrx_word' id='word_1_158' title='bbox 372 2744 495 2804; x_wconf 89' lang='lat' dir='ltr'><strong>menta</strong></span> <span class='ocrx_word' id='word_1_159' title='bbox 519 2728 701 2803; x_wconf 85' lang='lat' dir='ltr'><strong>fidelitatis</strong></span> <span class='ocrx_word' id='word_1_160' title='bbox 721 2756 741 2800; x_wconf 88' lang='lat' dir='ltr'><strong>a</strong></span> <span class='ocrx_word' id='word_1_161' title='bbox 762 2731 1026 2804; x_wconf 87' lang='lat' dir='ltr'><strong>Beneventanis</strong></span> <span class='ocrx_word' id='word_1_162' title='bbox 1048 2729 1220 2830; x_wconf 83' lang='lat' dir='ltr'><strong>exigenda</strong></span> <span class='ocrx_word' id='word_1_163' title='bbox 1241 2747 1350 2829; x_wconf 89' lang='lat' dir='ltr'><strong>atque</strong></span> <span class='ocrx_word' id='word_1_164' title='bbox 1371 2756 1450 2802; x_wconf 91' lang='lat' dir='ltr'><strong>sus-</strong></span> 
     </span>
     <span class='ocr_line' id='line_1_22' title="bbox 376 2843 1447 2946; baseline 0.001 -30"><span class='ocrx_word' id='word_1_165' title='bbox 376 2843 539 2944; x_wconf 87' lang='lat' dir='ltr'><strong>cipienda</strong></span> <span class='ocrx_word' id='word_1_166' title='bbox 570 2871 653 2916; x_wconf 92' lang='lat' dir='ltr'><strong>cum</strong></span> <span class='ocrx_word' id='word_1_167' title='bbox 684 2846 835 2946; x_wconf 78' lang='lat' dir='ltr'><strong>Aragiso</strong></span> <span class='ocrx_word' id='word_1_168' title='bbox 862 2848 917 2944; x_wconf 90' lang='lat'><strong>(8)</strong></span> <span class='ocrx_word' id='word_1_169' title='bbox 946 2845 1121 2934; x_wconf 90' lang='lat' dir='ltr'><strong>dimissis,</strong></span> <span class='ocrx_word' id='word_1_170' title='bbox 1152 2847 1306 2919; x_wconf 83' lang='lat' dir='ltr'><strong>Romam</strong></span> <span class='ocrx_word' id='word_1_171' title='bbox 1335 2845 1447 2930; x_wconf 81' lang='lat' dir='ltr'><strong>redit3</strong></span> 
     </span>
    </p>
   </div>
   <div class='ocr_carea' id='block_1_5' title="bbox 410 3163 795 3235">
    <p class='ocr_par' dir='ltr' id='par_1_5' title="bbox 410 3163 795 3235">
     <span class='ocr_line' id='line_1_23' title="bbox 410 3163 795 3235; baseline -0.003 -18"><span class='ocrx_word' id='word_1_172' title='bbox 410 3167 451 3235; x_wconf 83' lang='grc' dir='ltr'><strong>(ι)</strong></span> <span class='ocrx_word' id='word_1_173' title='bbox 469 3163 513 3219; x_wconf 84' lang='lat' dir='ltr'><strong>Cl.</strong></span> <span class='ocrx_word' id='word_1_174' title='bbox 528 3163 604 3218; x_wconf 85' lang='lat' dir='ltr'><strong>Suet.</strong></span> <span class='ocrx_word' id='word_1_175' title='bbox 621 3164 695 3235; x_wconf 80' lang='lat' dir='ltr'><strong>Aug.</strong></span> <span class='ocrx_word' id='word_1_176' title='bbox 712 3181 736 3217; x_wconf 87' lang='lat' dir='ltr'><strong>e.</strong></span> <span class='ocrx_word' id='word_1_177' title='bbox 752 3179 795 3216; x_wconf 72' lang='grc' dir='ltr'><strong>αι.</strong></span> 
     </span>
    </p>
   </div>
   <div class='ocr_carea' id='block_1_6' title="bbox 376 3264 1453 3412">
    <p class='ocr_par' dir='ltr' id='par_1_6' title="bbox 376 3264 1453 3412">
     <span class='ocr_line' id='line_1_24' title="bbox 411 3264 1453 3336; baseline -0.002 -16"><span class='ocrx_word' id='word_1_178' title='bbox 411 3268 451 3336; x_wconf 84' lang='lat' dir='ltr'><strong>(a)</strong></span> <span class='ocrx_word' id='word_1_179' title='bbox 469 3264 560 3321; x_wconf 89' lang='lat' dir='ltr'><strong>Codd.</strong></span> <span class='ocrx_word' id='word_1_180' title='bbox 576 3265 795 3321; x_wconf 84' lang='lat' dir='ltr'><strong>Hannoveranus</strong></span> <span class='ocrx_word' id='word_1_181' title='bbox 815 3290 820 3318; x_wconf 76' lang='grc' dir='ltr'>ε</span> <span class='ocrx_word' id='word_1_182' title='bbox 840 3265 1001 3321; x_wconf 78' lang='lat' dir='ltr'><strong>obedientes</strong></span> <span class='ocrx_word' id='word_1_183' title='bbox 1006 3293 1014 3330; x_wconf 91' lang='lat'><em>;</em></span> <span class='ocrx_word' id='word_1_184' title='bbox 1031 3264 1102 3322; x_wconf 89' lang='lat' dir='ltr'><strong>Cod.</strong></span> <span class='ocrx_word' id='word_1_185' title='bbox 1117 3264 1281 3322; x_wconf 88' lang='lat' dir='ltr'><strong>Vindobon.</strong></span> <span class='ocrx_word' id='word_1_186' title='bbox 1306 3264 1338 3320; x_wconf 81' lang='lat'><strong>16</strong></span> <span class='ocrx_word' id='word_1_187' title='bbox 1353 3276 1383 3321; x_wconf 84' lang='lat' dir='ltr'><strong>et</strong></span> <span class='ocrx_word' id='word_1_188' title='bbox 1396 3265 1453 3319; x_wconf 86' lang='lat' dir='ltr'><strong>duo</strong></span> 
     </span>
     <span class='ocr_line' id='line_1_25' title="bbox 376 3351 778 3412; baseline -0.002 -1"><span class='ocrx_word' id='word_1_189' title='bbox 376 3355 424 3412; x_wconf 80' lang='lat' dir='ltr'><strong>alii</strong></span> <span class='ocrx_word' id='word_1_190' title='bbox 439 3380 445 3410; x_wconf 76' lang='lat' dir='ltr'><strong>t</strong></span> <span class='ocrx_word' id='word_1_191' title='bbox 461 3355 653 3411; x_wconf 82' lang='lat' dir='ltr'><strong>obaudientes.</strong></span> <span class='ocrx_word' id='word_1_192' title='bbox 776 3351 778 3357; x_wconf 73' lang='grc'><strong>’</strong></span> 
     </span>
    </p>
   </div>
   <div class='ocr_carea' id='block_1_7' title="bbox 378 3455 1457 4242">
    <p class='ocr_par' dir='ltr' id='par_1_7' title="bbox 412 3455 1375 3532">
     <span class='ocr_line' id='line_1_26' title="bbox 412 3455 1375 3532; baseline -0.005 -18"><span class='ocrx_word' id='word_1_193' title='bbox 412 3456 452 3530; x_wconf 71' lang='grc' dir='ltr'><strong>(ὅ)</strong></span> <span class='ocrx_word' id='word_1_194' title='bbox 469 3459 592 3514; x_wconf 82' lang='lat' dir='ltr'><strong>Nueuar.</strong></span> <span class='ocrx_word' id='word_1_195' title='bbox 608 3477 700 3514; x_wconf 87' lang='lat' dir='ltr'><strong>comes</strong></span> <span class='ocrx_word' id='word_1_196' title='bbox 712 3469 742 3514; x_wconf 95' lang='lat' dir='ltr'><strong>et</strong></span> <span class='ocrx_word' id='word_1_197' title='bbox 754 3458 916 3532; x_wconf 83' lang='lat' dir='ltr'><strong>Marquard.</strong></span> <span class='ocrx_word' id='word_1_198' title='bbox 932 3457 1072 3513; x_wconf 85' lang='lat' dir='ltr'><strong>Freherus</strong></span> <span class='ocrx_word' id='word_1_199' title='bbox 1086 3479 1093 3511; x_wconf 70' lang='grc' dir='ltr'><strong>ε</strong></span> <span class='ocrx_word' id='word_1_200' title='bbox 1110 3460 1142 3512; x_wconf 85' lang='lat' dir='ltr'><strong>m‘</strong></span> <span class='ocrx_word' id='word_1_201' title='bbox 1154 3476 1215 3513; x_wconf 86' lang='lat' dir='ltr'><strong>sese</strong></span> <span class='ocrx_word' id='word_1_202' title='bbox 1228 3455 1375 3512; x_wconf 83' lang='lat' dir='ltr'><strong>dederent.</strong></span> 
     </span>
    </p>

    <p class='ocr_par' dir='ltr' id='par_1_8' title="bbox 378 3558 1456 3719">
     <span class='ocr_line' id='line_1_27' title="bbox 412 3558 1456 3634; baseline -0.002 -17"><span class='ocrx_word' id='word_1_203' title='bbox 412 3562 452 3632; x_wconf 72' lang='lat' dir='ltr'><strong>(l)</strong></span> <span class='ocrx_word' id='word_1_204' title='bbox 469 3559 526 3617; x_wconf 85' lang='lat' dir='ltr'><strong>All.</strong></span> <span class='ocrx_word' id='word_1_205' title='bbox 540 3563 693 3634; x_wconf 80' lang='lat' dir='ltr'><strong>Aritgisus,</strong></span> <span class='ocrx_word' id='word_1_206' title='bbox 708 3561 856 3634; x_wconf 82' lang='lat' dir='ltr'><strong>Arigisus,</strong></span> <span class='ocrx_word' id='word_1_207' title='bbox 870 3562 1040 3634; x_wconf 81' lang='lat' dir='ltr'><strong>Aragissus,</strong></span> <span class='ocrx_word' id='word_1_208' title='bbox 1056 3560 1188 3633; x_wconf 81' lang='lat' dir='ltr'><strong>Argr&#39;sus.</strong></span> <span class='ocrx_word' id='word_1_209' title='bbox 1200 3590 1234 3601; x_wconf 91' lang='lat'>-</span> <span class='ocrx_word' id='word_1_210' title='bbox 1246 3559 1282 3613; x_wconf 88' lang='lat' dir='ltr'><strong>Et</strong></span> <span class='ocrx_word' id='word_1_211' title='bbox 1293 3558 1367 3614; x_wconf 77' lang='lat' dir='ltr'><strong>infra</strong></span> <span class='ocrx_word' id='word_1_212' title='bbox 1383 3559 1456 3615; x_wconf 73' lang='lat' dir='ltr'><strong>:Ilo</strong></span> 
     </span>
     <span class='ocr_line' id='line_1_28' title="bbox 378 3647 1392 3719; baseline -0.001 -13"><span class='ocrx_word' id='word_1_213' title='bbox 378 3650 517 3719; x_wconf 86' lang='lat' dir='ltr'><strong>muldum,</strong></span> <span class='ocrx_word' id='word_1_214' title='bbox 531 3649 716 3717; x_wconf 81' lang='lat' dir='ltr'><strong>Romuldum,</strong></span> <span class='ocrx_word' id='word_1_215' title='bbox 731 3648 908 3705; x_wconf 84' lang='lat' dir='ltr'><strong>Romoldum.</strong></span> <span class='ocrx_word' id='word_1_216' title='bbox 922 3680 958 3692; x_wconf 89' lang='lat'><em>-</em></span> <span class='ocrx_word' id='word_1_217' title='bbox 974 3648 1166 3718; x_wconf 84' lang='lat' dir='ltr'><strong>Grintaldum,</strong></span> <span class='ocrx_word' id='word_1_218' title='bbox 1186 3647 1392 3705; x_wconf 82' lang='lat' dir='ltr'><strong>Grimoaldum.</strong></span> 
     </span>
    </p>

    <p class='ocr_par' dir='ltr' id='par_1_9' title="bbox 414 3753 1418 3828">
     <span class='ocr_line' id='line_1_29' title="bbox 414 3753 1418 3828; baseline -0.005 -18"><span class='ocrx_word' id='word_1_219' title='bbox 414 3753 452 3827; x_wconf 87' lang='grc'><strong>(5)</strong></span> <span class='ocrx_word' id='word_1_220' title='bbox 471 3755 517 3811; x_wconf 87' lang='lat' dir='ltr'><strong>sic</strong></span> <span class='ocrx_word' id='word_1_221' title='bbox 529 3754 565 3809; x_wconf 91' lang='lat' dir='ltr'><strong>D.</strong></span> <span class='ocrx_word' id='word_1_222' title='bbox 580 3755 667 3828; x_wconf 86' lang='lat' dir='ltr'><strong>Bouq.</strong></span> <span class='ocrx_word' id='word_1_223' title='bbox 682 3773 746 3808; x_wconf 86' lang='lat' dir='ltr'><strong>cum</strong></span> <span class='ocrx_word' id='word_1_224' title='bbox 759 3753 887 3827; x_wconf 89' lang='lat' dir='ltr'><strong>plurimis</strong></span> <span class='ocrx_word' id='word_1_225' title='bbox 900 3753 982 3809; x_wconf 89' lang='lat' dir='ltr'><strong>codd.</strong></span> <span class='ocrx_word' id='word_1_226' title='bbox 995 3785 1027 3796; x_wconf 91' lang='lat'>-</span> <span class='ocrx_word' id='word_1_227' title='bbox 1039 3754 1121 3809; x_wconf 79' lang='lat' dir='ltr'><strong>Perts</strong></span> <span class='ocrx_word' id='word_1_228' title='bbox 1135 3778 1140 3808; x_wconf 93' lang='lat'>:</span> <span class='ocrx_word' id='word_1_229' title='bbox 1155 3756 1254 3810; x_wconf 82' lang='lat' dir='ltr'><strong>venire</strong></span> <span class='ocrx_word' id='word_1_230' title='bbox 1262 3761 1418 3826; x_wconf 76' lang='lat' dir='ltr'><strong>cogeretur.</strong></span> 
     </span>
    </p>

    <p class='ocr_par' dir='ltr' id='par_1_10' title="bbox 413 3855 1117 3932">
     <span class='ocr_line' id='line_1_30' title="bbox 413 3855 1117 3932; baseline -0.001 -18"><span class='ocrx_word' id='word_1_231' title='bbox 413 3858 453 3932; x_wconf 84' lang='lat'><strong>(6)</strong></span> <span class='ocrx_word' id='word_1_232' title='bbox 471 3856 560 3915; x_wconf 91' lang='lat' dir='ltr'><strong>Codd.</strong></span> <span class='ocrx_word' id='word_1_233' title='bbox 576 3857 739 3917; x_wconf 88' lang='lat' dir='ltr'><strong>Vindobon.</strong></span> <span class='ocrx_word' id='word_1_234' title='bbox 755 3855 807 3914; x_wconf 81' lang='lat'><strong>338</strong></span> <span class='ocrx_word' id='word_1_235' title='bbox 820 3869 849 3914; x_wconf 88' lang='lat' dir='ltr'><strong>et</strong></span> <span class='ocrx_word' id='word_1_236' title='bbox 866 3877 933 3914; x_wconf 85' lang='lat' dir='ltr'><strong>tto:</strong></span> <span class='ocrx_word' id='word_1_237' title='bbox 952 3860 1041 3916; x_wconf 82' lang='lat' dir='ltr'><strong>Porro</strong></span> <span class='ocrx_word' id='word_1_238' title='bbox 1055 3879 1117 3915; x_wconf 84' lang='lat' dir='ltr'><strong>rex.</strong></span> 
     </span>
    </p>

    <p class='ocr_par' dir='ltr' id='par_1_11' title="bbox 413 3959 907 4038">
     <span class='ocr_line' id='line_1_31' title="bbox 413 3959 907 4038; baseline -0.008 -21"><span class='ocrx_word' id='word_1_239' title='bbox 413 3965 454 4038; x_wconf 83' lang='lat'><strong>(7)</strong></span> <span class='ocrx_word' id='word_1_240' title='bbox 471 3961 596 4018; x_wconf 86' lang='lat' dir='ltr'><strong>Nuenar.</strong></span> <span class='ocrx_word' id='word_1_241' title='bbox 610 3978 702 4016; x_wconf 87' lang='lat' dir='ltr'><strong>comes</strong></span> <span class='ocrx_word' id='word_1_242' title='bbox 715 3985 720 4014; x_wconf 78' lang='grc' dir='ltr'>ι</span> <span class='ocrx_word' id='word_1_243' title='bbox 735 3980 786 4031; x_wconf 78' lang='lat' dir='ltr'><strong>pru</strong></span> <span class='ocrx_word' id='word_1_244' title='bbox 799 3959 907 4016; x_wconf 81' lang='lat' dir='ltr'><strong>obside.</strong></span> 
     </span>
    </p>

    <p class='ocr_par' dir='ltr' id='par_1_12' title="bbox 379 4060 1457 4242">
     <span class='ocr_line' id='line_1_32' title="bbox 414 4060 1457 4136; baseline -0.009 -14"><span class='ocrx_word' id='word_1_245' title='bbox 414 4065 454 4136; x_wconf 90' lang='grc'><strong>(8)</strong></span> <span class='ocrx_word' id='word_1_246' title='bbox 473 4067 493 4120; x_wconf 90' lang='lat' dir='ltr'><strong>i.</strong></span> <span class='ocrx_word' id='word_1_247' title='bbox 504 4083 530 4121; x_wconf 93' lang='lat' dir='ltr'><strong>e.</strong></span> <span class='ocrx_word' id='word_1_248' title='bbox 539 4061 618 4136; x_wconf 81' lang='lat' dir='ltr'><strong>apud</strong></span> <span class='ocrx_word' id='word_1_249' title='bbox 628 4064 793 4135; x_wconf 79' lang='lat' dir='ltr'><strong>Aragt&#39;sum.</strong></span> <span class='ocrx_word' id='word_1_250' title='bbox 803 4063 846 4119; x_wconf 85' lang='lat' dir='ltr'><strong>Cl.</strong></span> <span class='ocrx_word' id='word_1_251' title='bbox 856 4063 964 4120; x_wconf 86' lang='lat' dir='ltr'><strong>Chron.</strong></span> <span class='ocrx_word' id='word_1_252' title='bbox 974 4064 1111 4119; x_wconf 81' lang='lat' dir='ltr'><strong>Moissiac.</strong></span> <span class='ocrx_word' id='word_1_253' title='bbox 1123 4081 1147 4117; x_wconf 85' lang='lat' dir='ltr'><strong>a.</strong></span> <span class='ocrx_word' id='word_1_254' title='bbox 1165 4061 1218 4136; x_wconf 84' lang='lat'><strong>809</strong></span> <span class='ocrx_word' id='word_1_255' title='bbox 1230 4072 1259 4118; x_wconf 90' lang='lat' dir='ltr'><strong>et</strong></span> <span class='ocrx_word' id='word_1_256' title='bbox 1272 4061 1334 4118; x_wconf 75' lang='lat'>8¹2.</span> <span class='ocrx_word' id='word_1_257' title='bbox 1350 4060 1457 4115; x_wconf 77' lang='lat' dir='ltr'><strong>Annal.</strong></span> 
     </span>
     <span class='ocr_line' id='line_1_33' title="bbox 379 4164 1216 4242; baseline -0.01 -17"><span class='ocrx_word' id='word_1_258' title='bbox 379 4168 567 4225; x_wconf 66' lang='lat' dir='ltr'><strong>laurissenses</strong></span> <span class='ocrx_word' id='word_1_259' title='bbox 579 4188 604 4222; x_wconf 83' lang='lat' dir='ltr'><strong>a.</strong></span> <span class='ocrx_word' id='word_1_260' title='bbox 619 4167 680 4242; x_wconf 64' lang='grc'><strong>784.</strong></span> <span class='ocrx_word' id='word_1_261' title='bbox 697 4167 829 4240; x_wconf 81' lang='lat' dir='ltr'><strong>Gregorii</strong></span> <span class='ocrx_word' id='word_1_262' title='bbox 844 4169 950 4220; x_wconf 87' lang='lat' dir='ltr'><strong>Toron.</strong></span> <span class='ocrx_word' id='word_1_263' title='bbox 966 4166 1032 4221; x_wconf 83' lang='lat' dir='ltr'><strong>hist.</strong></span> <span class='ocrx_word' id='word_1_264' title='bbox 1048 4168 1116 4239; x_wconf 86' lang='lat' dir='ltr'><strong>epit.</strong></span> <span class='ocrx_word' id='word_1_265' title='bbox 1131 4187 1154 4220; x_wconf 90' lang='lat' dir='ltr'><strong>c.</strong></span> <span class='ocrx_word' id='word_1_266' title='bbox 1171 4164 1216 4220; x_wconf 81' lang='lat'><strong>52.</strong></span> 
     </span>
    </p>
   </div>
   <div class='ocr_carea' id='block_1_8' title="bbox 0 0 1510 5272">
    <p class='ocr_par' dir='ltr' id='par_1_13' title="bbox 0 0 1510 5272">
     <span class='ocr_line' id='line_1_34' title="bbox 0 0 1510 5272; baseline 0 0"><span class='ocrx_word' id='word_1_267' title='bbox 0 0 1510 5272; x_wconf 95' lang='lat' dir='ltr'><strong> </strong></span> 
     </span>
    </p>
   </div>
  </div>
 </body>
</html>
