3000 5272
213 390 274 451 336
609 384 889 452 utuuowtcus

213 521 518 620 praetorianorum
530 544 680 594 suorum
693 536 898 620 protectus,
914 525 1037 596 evasit.
1053 516 1169 599 Periit
1184 526 1223 599 in
1238 548 1278 599 eo

213 635 342 737 prelio
357 638 592 736 Dragamosus
603 637 677 735 (1),
693 663 795 712 socer
812 635 1023 727 liudewiti,
1039 639 1106 739 qui
1122 638 1164 711 in
1180 662 1279 715 exor-

212 749 275 827 dio
286 749 512 841 delectionis,
525 751 654 827 relicto
670 778 817 852 genero,
832 753 964 827 Bornae
976 778 1014 827 se
1026 758 1277 855 conjunxerat.

213 868 418 941 Guduscani
434 867 583 941 domum
598 870 767 969 regressi,
784 870 949 943 iteruma
966 870 1088 943 Borna
1102 870 1163 969 (a)
1181 866 1280 943 subi-

211 1000 362 1087 guntur.
377 985 426 1058 At
440 984 660 1062 Lindewitus
675 985 900 1060 occasionem
910 1000 1057 1075 nactus,
1070 1010 1158 1059 cum
1169 986 1279 1059 valida

213 1128 336 1192 nunu,
347 1103 553 1177 decembrio
561 1128 697 1192 mense,
708 1101 920 1176 Dalmatiam
934 1103 1126 1202 ingressus,
1138 1102 1280 1179 fumet

214 1220 296 1319 igne
311 1234 441 1291 cuncta
456 1217 627 1293 devastat.
641 1219 707 1291 Cui
721 1244 805 1292 cum
816 1220 937 1293 Borna
951 1244 990 1293 se
1007 1219 1156 1319 penitus
1170 1219 1280 1320 impa-

213 1362 293 1411 rem
314 1337 557 1436 conspiceret,
573 1337 694 1411 omnia
710 1363 771 1409 sua
794 1335 945 1412 castellis
968 1336 1133 1427 inclusit,
1152 1338 1280 1439 etipse

214 1479 298 1526 cum
313 1452 449 1527 delecta
465 1478 576 1526 manu
595 1477 694 1525 nunc
712 1451 733 1524 ὲ
751 1469 872 1553 tergo,
891 1454 1028 1527 nuncia
1047 1454 1163 1529 latere
1181 1454 1280 1529 insis-

214 1586 311 1659 tens,
329 1566 520 1644 Liudewiti
540 1569 659 1668 copias
679 1584 717 1642 et
736 1585 849 1643 noctu
865 1583 904 1643 et
923 1567 1082 1645 interdiu
1105 1594 1280 1671 qmcnm-

213 1712 284 1788 que
295 1687 352 1785 (3)
368 1701 510 1785 poterat
524 1684 712 1775 laceravit,
730 1711 849 1786 neque
862 1711 946 1759 eum
962 1687 1000 1760 iu
1017 1712 1082 1759 sua
1094 1688 1277 1787 provincia

213 1806 362 1904 impune
379 1805 510 1877 versari
535 1803 714 1902 permisit;
740 1802 785 1876 ad
804 1819 1006 1879 extremum
1024 1804 1128 1906 gravi
1148 1804 1277 1879 damno

213 1922 395 2011 affectum,
409 1923 557 2021 regione
570 1947 631 1993 sua
646 1921 763 2020 coegit
774 1922 943 1997 excedere
952 1924 1020 2021 (4),
1036 1920 1158 1997 tribus
1169 1920 1277 1999 honi·

213 2064 304 2111 num
316 2037 477 2111 millibus
490 2038 534 2113 de
547 2038 706 2113 exercitu
718 2037 815 2111 illius
826 2037 1040 2128 intersectis,
1057 2053 1099 2113 et
1111 2039 1275 2115 montis

211 2154 269 2228 vel
282 2179 327 2229 eo
340 2154 493 2253 amplius
505 2154 648 2227 caballis
659 2156 789 2254 captis,
805 2170 939 2254 praeter
948 2155 1107 2229 sarcinas
1119 2154 1274 2257 etspclit

211 2270 342 2347 diversi
367 2272 507 2372 generis
530 2271 689 2371 direpta;
714 2298 797 2373 quae
819 2270 974 2372 qualiter
995 2286 1094 2373 gesta
1117 2271 1271 2359 fuerint,

212 2415 278 2489 per
293 2388 427 2490 legatos
443 2413 525 2462 suos
542 2389 751 2488 imperatori
767 2388 940 2463 nunciare
954 2390 1109 2463 curavit.

262 2505 312 2577 At
347 2507 385 2579 in
419 2502 581 2605 partibus
614 2504 791 2593 occiduis,
825 2504 1018 2608 Pippinus,
1052 2506 1271 2607 impmtorlt

212 2621 327 2710 filius,
346 2626 446 2722 jussu
467 2622 579 2721 patris
600 2622 831 2695 Wasconiam
851 2647 935 2695 cum
955 2621 1120 2697 exercitu
1139 2624 1269 2725 ingru-

212 2766 289 2828 sus,
308 2737 454 2812 sublatis
473 2765 517 2814 ex
538 2764 578 2813 ea
603 2738 797 2828 seditiosis,
821 2752 936 2812 totam
956 2764 1036 2813 mm
1051 2740 1269 2839 provincin

213 2858 260 2929 ita
274 2858 431 2957 pacavit,
449 2871 492 2928 ut
507 2856 629 2930 nullus
645 2857 684 2929 in
697 2883 736 2931 ea
753 2852 897 2930 rebellis
911 2870 974 2928 aut
991 2852 1208 2933 inobediens
1221 2880 1269 2931 rt·

211 2974 379 3046 mansisse
404 2971 598 3046 rideretur.
624 2972 813 3050 Harioldus
837 2996 982 3073 quoque
997 2973 1101 3071 jussu
1122 2978 1268 3073 impera·

211 3090 301 3165 toris
311 3087 356 3161 ad
368 3114 474 3162 naves
484 3112 563 3161 suas
576 3115 641 3188 per
651 3086 849 3164 Abodritos
860 3087 1043 3177 reductus,
1055 3088 1096 3163 in
1108 3088 1265 3189 petr-im,

210 3207 310 3306 quasi
325 3232 478 3307 regnum
495 3204 546 3278 ibi
563 3220 792 3304 accepturus,
810 3205 1006 3305 navigavit,
1020 3206 1078 3278 cui
1093 3232 1133 3281 te
1147 3204 1265 3281 duces

210 3321 294 3396 filiis
313 3322 518 3413 Godefridi,
538 3326 639 3424 quasi
656 3348 728 3396 una
746 3349 829 3397 cum
851 3348 895 3397 eo
916 3348 1070 3424 τοςαιιω
1093 3321 1262 3409 habituri,

210 3440 357 3514 sociasse
370 3439 556 3531 dicuntur,
571 3440 648 3513 aliis
659 3437 801 3512 duobus
813 3440 927 3539 patria
941 3438 1111 3539 expulsis.
1125 3438 1198 3515 Sed
1207 3437 1263 3515 hot

243 3781 282 3850 (ι)
300 3778 355 3834 All.
370 3778 576 3852 Dramgosus,
590 3778 790 3852 Dragomosus.

243 3883 284 3948 (a)
303 3879 394 3935 Voces
406 3898 424 3933 a
436 3877 533 3933 Borna
545 3879 574 3934 in
588 3880 650 3933 cod.
664 3878 827 3937 Vindobon.
842 3876 895 3945 654
906 3878 1111 3936 desiderantur.

243 3980 282 4054 (3)
300 3983 335 4037 D.
349 3982 428 4056 Bonq
441 3999 506 4036 cum
519 3981 641 4037 Nuenar.
656 3983 758 4039 comite
774 4006 780 4036 ε
795 3982 960 4056 ubicunque.

242 4086 281 4155 (4)
300 4085 389 4141 Codd.
412 4085 569 4140 Hannover.
584 4096 613 4141 et
626 4085 807 4143 Vindoboun.
826 4106 874 4141 110
890 4096 918 4142 et
931 4102 984 4161 990
1001 4086 1049 4142 hlc
1062 4086 1161 4161 legunt
1174 4111 1181 4141 ε
1194 4104 1219 4160 g.
1232 4080 1255 4135 d·
1312 4064 1314 4137 l

208 4173 327 4248 qffiectur
344 4179 455 4246 regione
465 4194 516 4229 ,sua
529 4179 601 4246 cepit
614 4175 756 4230 excedere.
