3000 5272
209 393 250 454 36
460 391 556 452 Vl'lll
578 391 726 452 lttuotl
749 390 1021 453 IMPERATORIS.

211 522 505 624 consumptisque
517 524 572 621 (r)
591 521 641 594 ibi
660 524 697 594 in
715 537 924 596 sanctorum
935 523 1167 596 veneratione
1182 522 1282 596 loco-

211 665 294 711 rum
311 638 451 739 aliquot
466 636 592 711 diebus
601 691 612 727 ,
634 637 671 709 in
690 636 843 709 Galliam
860 638 1068 712 revertitur.

260 873 329 944 Xl.
358 873 584 970 Bajoaricum
607 873 662 969 (2)
684 871 813 945 deinde
835 870 972 945 bellum
992 887 1028 944 et
1051 887 1199 971 repente
1221 897 1286 946 or-

215 1005 314 1076 tum,
343 1005 379 1061 et
409 987 515 1061 celeri
543 987 615 1061 fine
639 989 862 1087 completum
888 1005 954 1063 est.
985 989 1090 1082 Quod
1119 987 1286 1089 superbia

214 1107 321 1178 simul
339 1133 379 1178 ac
397 1106 560 1181 socordia
575 1107 769 1180 Tassilonis
785 1108 886 1180 ducis
904 1109 1071 1184 excitavit
1080 1136 1091 1195 ;
1112 1109 1175 1208 qui
1196 1105 1287 1182 hor-

215 1242 293 1297 tatu
318 1226 464 1313 uxoris,
492 1251 575 1324 quae
603 1223 674 1297 filia
698 1225 871 1299 Desiderii
895 1227 988 1325 regis
1010 1239 1086 1299 erat
1111 1251 1152 1296 ac
1176 1225 1288 1323 patris

216 1342 364 1416 exilium
391 1369 457 1442 per
482 1344 655 1414 maritum
681 1343 804 1414 ulcisci
833 1368 935 1441 posse
961 1341 1133 1442 putabat,
1158 1345 1290 1440 juncto

214 1460 353 1534 foedere
371 1486 455 1533 cum
472 1459 607 1547 Hunis,
627 1460 690 1559 qui
703 1460 873 1557 Bajoariis
887 1474 972 1532 sunt
989 1457 1033 1530 ab
1047 1459 1188 1532 oriente
1200 1483 1292 1531 con-

216 1579 387 1666 termini,
416 1603 493 1650 non
513 1577 631 1650 solum
656 1578 829 1676 imperata
850 1577 1082 1666 nonfacere,
1112 1574 1172 1649 sed
1194 1572 1292 1647 bello

216 1720 337 1794 regem
351 1718 549 1793 provocare
563 1691 773 1791 temptabat.
789 1692 899 1791 Cujus
913 1692 1192 1778 contumaciam,
1208 1688 1293 1790 quia

216 1811 328 1883 nimia
345 1809 547 1897 videbatur,
567 1810 775 1883 animositas
786 1812 879 1910 regis
891 1809 988 1883 ferre
1004 1810 1216 1911 nequiverat
1223 1861 1235 1895 ,
1255 1831 1296 1877 ac

218 1927 392 2027 proinde,
415 1928 528 2027 copiis
553 1927 711 2028 undique
729 1929 924 2002 contractis
942 1929 1141 2027 Bajoariam
1157 1926 1297 2026 petitu-

220 2073 300 2135 rus,
321 2048 394 2145 ipse
407 2045 452 2118 ad
467 2045 625 2120 Lechum
640 2049 692 2145 (3)
714 2074 858 2121 amnem
877 2074 961 2120 cum
976 2073 1109 2148 magno
1125 2047 1182 2145 (4)
1197 2044 1298 2117 venit

221 2162 393 2235 exercitu.
422 2163 454 2233 ls
477 2162 607 2234 lluvius
632 2164 813 2262 Bajoarios
830 2161 875 2236 ab
894 2163 1103 2235 Alamannis
1122 2160 1180 2260 (ὁ)
1199 2159 1299 2232 divi-

222 2278 289 2351 dit.
310 2281 420 2379 Cujus
439 2281 477 2352 in
496 2281 572 2379 ripa
593 2282 717 2353 castris
736 2281 954 2369 conlocatis,
982 2281 1192 2382 priusquam
1207 2302 1301 2378 pro-

221 2395 379 2467 vinciam
409 2397 586 2483 intraret,
614 2398 776 2469 animum
800 2396 902 2468 ducis
922 2423 987 2496 per
1018 2395 1151 2496 legatos
1175 2392 1302 2465 statuit

223 2514 393 2613 experiri.
419 2514 488 2587 Sed
514 2540 582 2588 nec
605 2514 665 2588 ille
689 2515 925 2614 pertinaciter
948 2540 1052 2615 agere
1074 2512 1131 2586 vel
1157 2510 1227 2582 sibi
1246 2509 1304 2583 vel

223 2632 323 2731 genti
342 2632 430 2705 utile
441 2646 561 2719 ratus,
582 2632 731 2732 supplex
746 2657 781 2705 se
799 2632 873 2732 regi
892 2631 1056 2731 permisit
1073 2630 1142 2727 (6),
1162 2624 1305 2701 obsides

226 2749 290 2847 qui
317 2747 590 2847 imperabantur
610 2747 730 2835 dedit,
754 2749 850 2821 inter
879 2773 971 2848 quos
998 2745 1173 2819 etlilium
1198 2768 1306 2814 suum

230 2861 492 2950 Theodonem3
512 2863 592 2935 data
608 2866 755 2963 insuper
772 2863 842 2937 lide
860 2890 943 2937 cum
955 2867 1185 2962 juramento,
1205 2858 1306 2961 quod

229 2977 276 3050 ab
315 2977 411 3051 illius
440 2994 617 3078 potestate
652 2980 743 3051 nulli
770 2969 1022 3054 'delectionem
1053 2981 1109 3079 (7)
1143 2977 1308 3052 suadenti

270 3299 309 3368 (r)
327 3297 462 3352 Nonnulli
477 3295 558 3352 codd.
573 3301 835 3372 consummatisque.

272 3389 312 3459 (a)
329 3388 384 3444 All.
403 3389 577 3457 Boioricum,
592 3389 802 3458 Bawoaricum,
819 3389 1005 3444 Boioaricum.

272 3475 312 3549 (3)
330 3476 401 3534 Cod.
414 3477 551 3533 christia.
562 3476 669 3550 Regin.
683 3477 736 3552 692
750 3502 755 3532 z
772 3478 925 3534 Lechnum.
937 3507 971 3519 -
980 3475 1051 3533 eod.
1064 3472 1228 3534 Vindobon.
1243 3492 1312 3527 iro:

239 3566 413 3639 Legucltum.
504 3567 515 3595 ‘¹

276 3657 314 3726 (t)
333 3655 444 3727 Septem
458 3651 539 3708 codd.
555 3658 695 3716 maximo;
709 3655 747 3709 sic
760 3674 803 3729 ap.
816 3656 851 3709 D.
866 3655 1003 3729 Bouquct.

278 3745 316 3818 (5)
335 3745 379 3801 ΑΙ.
396 3745 572 3798 Alemannis.

280 3837 318 3910 (6)
337 3836 459 3891 Nuenar.
474 3851 566 3889 comes
583 3857 588 3885 :
605 3834 730 3906 subjecit.

284 3933 322 4006 (7)
340 3929 386 3985 Sic
396 3924 456 3979 cod.
468 3922 539 3995 Reg.
554 3922 642 3975 Paris.
657 3920 736 3988 6264.
749 3954 782 3962 -
792 3921 915 3976 Nuenar.
930 3933 1023 3972 comes
1033 3926 1062 3971 et
1075 3908 1238 3987 Marquard.
1253 3908 1323 3963 Fre-

248 4029 335 4081 herus
351 4045 356 4074 :
373 4018 409 4072 ab
426 4016 503 4067 illius
517 4022 653 4082 potestate
666 4014 771 4066 nemini
781 4011 965 4083 defectionem
978 4005 1117 4062 suadenti.
1132 4033 1169 4044 -
1180 3999 1324 4056 Chesnius

251 4125 280 4170 et
294 4113 326 4166 D.
340 4109 467 4178 Bouqnet
482 4125 487 4152 :
502 4101 539 4153 ab
552 4101 627 4153 illius
639 4109 775 4171 potestate
788 4119 822 4152 nc
835 4098 997 4171 defensione
1014 4094 1119 4148 nemini
1135 4087 1324 4161 defectionem

250 4204 382 4268 ,uadenti
393 4193 526 4268 (arbitrio
541 4201 616 4246 certe
633 4208 696 4257 suo,
713 4190 754 4244 uti
773 4189 841 4243 dicit
860 4189 998 4254 Pcrtzius,
1014 4204 1047 4240 er
1059 4181 1177 4238 diversis
1192 4176 1326 4233 codicum
