3000 5272
210 383 251 443 26
464 377 559 439 VITA
579 376 726 441 Ktuott
749 377 1021 441 mennatum&

210 506 362 587 subdere
379 507 469 583 velle
482 509 763 608 promitterent:
785 508 846 582 sed
862 509 955 583 sicut
966 507 1011 583 ad
1023 506 1100 582 haec
1115 509 1261 585 faciend

210 624 399 725 aliquoties
424 625 554 724 proni,
584 625 635 697 sic
657 624 702 697 ad
727 624 848 700 eadem
872 624 1108 724 pervertenda
1138 651 1261 727 sempe

211 741 313 815 suere
336 741 558 840 praecipites,
585 756 628 814 ut
651 742 733 813 satis
756 766 833 814 non
856 742 904 816 sit
928 741 985 840 (t)
1010 741 1211 832 aestimare,
1235 770 1261 816 at

212 873 338 931 utrum
362 857 495 931 horum
518 857 696 932 faciliores
721 859 839 932 verius
861 858 932 931 dici
956 859 1116 958 possint,
1144 858 1261 960 quipp

212 1001 298 1047 cum
312 989 396 1073 post
409 973 619 1049 inchoatum
638 975 786 1049 cumeis
801 974 938 1048 bellum
951 975 1013 1046 vix
1028 974 1123 1047 ullus
1135 973 1194 1074 (a)
1211 1001 1261 1051 an

214 1115 284 1162 nus
299 1105 441 1162 exactus
458 1091 524 1182 sit,
545 1115 619 1190 quo
635 1115 712 1163 non
728 1088 774 1162 ab
790 1090 840 1163 eis
857 1087 1102 1190 hujuscemodi
1123 1089 1219 1163 facta
1233 1091 1262 1164 si

214 1208 448 1305 permutatio.
463 1208 534 1282 Sed
546 1208 818 1310 magnanimitas
831 1208 946 1308 regis,
961 1234 1001 1280 ac
1016 1223 1190 1307 perpetua
1207 1223 1261 1282 tan

216 1323 255 1394 in
271 1321 425 1399 adversis
441 1351 550 1424 qnam
562 1325 600 1398 in
613 1327 793 1424 prosperis
806 1325 937 1398 mentis
950 1325 1164 1412 constantia,
1181 1324 1261 1399 null

215 1467 343 1515 eorum
359 1441 599 1518 mutabilitate
619 1443 675 1518 vel
692 1443 788 1516 vinci
809 1458 970 1543 poterat,
992 1443 1048 1517 vel
1064 1440 1109 1514 ab
1128 1439 1184 1515 his
1200 1468 1261 1544 qur

215 1562 320 1659 age‘re
337 1576 498 1659 coeperat
512 1559 696 1661 defatigari
706 1590 718 1650 ς
738 1587 821 1633 nam
840 1585 1028 1660 nunquam
1039 1585 1099 1632 eos
1115 1557 1261 1659 hujusce

217 1676 315 1751 modi
340 1679 475 1780 aliquid
499 1693 746 1779 perpetrantes
769 1679 917 1777 impunc
941 1676 1038 1752 ferre
1063 1703 1184 1775 passus
1208 1690 1261 1753 est

217 1792 310 1892 quin
325 1807 388 1865 aut
402 1794 476 1893 ipse
488 1819 553 1892 per
563 1820 600 1867 se
613 1795 670 1893 (ὅ)
687 1794 876 1867 ductorem
890 1794 963 1891 (4),
982 1806 1044 1866 aut
1055 1818 1120 1892 per
1133 1791 1261 1867 comite

216 1934 314 1996 suos,
332 1910 441 1986 misso
454 1912 627 2001 exercitu,
646 1910 833 2010 perfidiam
844 1909 1076 1984 ulcisceretur
1087 1907 1261 2010 etdignrr

218 2023 328 2101 abeis
348 2027 505 2127 exigeret
521 2053 689 2128 poenam,
708 2026 941 2129 usquedum,
957 2024 1127 2101 omnibus
1144 2027 1209 2127 qui
1225 2052 1261 2101 re

219 2143 344 2218 sistere
359 2143 523 2218 solebant
544 2144 744 2246 profligatis
758 2161 795 2219 et
817 2147 856 2218 in
872 2171 973 2218 suam
994 2159 1210 2244 potestatem
1224 2169 1261 2219 re

220 2259 351 2350 dactis,
378 2261 500 2336 decern
526 2263 626 2335 milia
650 2260 859 2351 hominum,
885 2289 928 2336 ex
953 2261 1008 2335 his
1031 2263 1094 2363 qni
1117 2278 1261 2364 ntraaqu

221 2378 316 2476 ripas
335 2376 438 2450 Albis
451 2380 505 2478 (5)
523 2379 683 2451 lluminis
704 2377 929 2467 incolebant,
956 2405 1038 2452 cum
1060 2377 1261 2453 uxoribus«

222 2493 379 2591 parvulis
404 2492 562 2568 sublatos
591 2493 795 2582 transtulit,
823 2510 859 2567 et
883 2492 954 2567 huc
977 2509 1085 2595 atque
1112 2494 1201 2567 illuc
1224 2519 1261 2595 pr

221 2607 374 2683 Galliam
385 2627 421 2684 et
434 2611 664 2686 Germaniam
676 2610 890 2686 multimoda
900 2612 1077 2686 divisione
1086 2609 1261 2686 distribui

222 2727 344 2824 anue
360 2724 601 2801 conditiones
619 2752 702 2826 rege
718 2727 902 2826 proposita
919 2744 956 2800 et
968 2725 1013 2799 ab
1027 2726 1097 2799 illis
1112 2740 1261 2828 suscepti

224 2852 381 2910 tractum
398 2865 463 2937 per
477 2854 534 2913 tot
545 2866 659 2913 annos
676 2839 814 2915 bellum
827 2856 967 2915 constat
984 2868 1058 2916 esse
1072 2841 1261 2931 linitum,t

223 2953 364 3053 abjecto
376 2954 586 3031 daemonum
599 2958 700 3030 cultu
712 2959 768 3057 (6)
784 2973 819 3032 et
831 2959 966 3032 relictis
978 2959 1103 3059 patriis
1117 2984 1261 3034 caeremt

226 3073 315 3162 niis,
336 3072 539 3148 christianae
558 3073 640 3148 fidei
657 3090 764 3175 atque
776 3076 960 3176 religionis
976 3089 1196 3149 sacramenta
1213 3102 1261 3149 sut

263 3425 301 3495 (ι)
320 3425 365 3481 sic
377 3425 501 3500 quinque
513 3425 597 3481 codd.
607 3456 642 3467 -
654 3425 716 3481 Non
730 3424 800 3481 nulli
813 3449 819 3480 :
837 3435 867 3480 ut
880 3445 937 3481 non
948 3428 1018 3481 sutis
1029 3428 1076 3482 sit.
1089 3424 1206 3483 -Cod.
1219 3443 1260 3482 nu

226 3514 297 3587 neg.
309 3515 396 3570 Paris.
409 3514 492 3586 (olim
505 3515 536 3572 Β.
550 3516 599 3586 Μ.)
618 3513 667 3574 133
680 3541 686 3571 ε
703 3527 733 3574 ut
745 3519 882 3573 nonsatis
893 3514 1168 3590 potest-Numan
1183 3535 1261 3574 come

227 3615 258 3660 ut
271 3605 425 3679 nonfacile
438 3609 586 3662 aestimare
595 3609 697 3681 possis.
711 3640 744 3649 -
757 3607 837 3664 Perta
854 3631 860 3662 ε
876 3627 933 3665 non
945 3610 1024 3664 silut
1037 3610 1106 3664 satis
1118 3610 1261 3665 cestim

260 3696 300 3766 (a)
319 3694 424 3750 Novem
439 3694 520 3750 codd.
536 3696 593 3751 ille.

261 3785 299 3859 (3)
317 3789 361 3845 cf.
374 3787 452 3845 Suet.
468 3791 542 3864 Aug.
561 3809 587 3846 c.
603 3807 646 3845 ao.

261 3884 300 3956 (l)
319 3884 354 3939 D.
366 3885 494 3958 Bouqnet
506 3909 511 3939 :
525 3905 578 3958 per
587 3905 617 3940 se
626 3884 720 3940 ducto.
733 3884 779 3941 Sic
791 3883 907 3959 plurimi
920 3883 1003 3940 codd.

261 3975 301 4050 (5)
319 3977 389 4035 Cod.
410 3978 482 4052 Reg.
499 3978 586 4034 Paris.
612 3977 681 4053 4955
700 4003 705 4031 :
725 3979 816 4042 Albe,·
836 3977 900 4035 cod.
914 3977 1076 4037 Vindobon.
1097 3995 1150 4055 99⁰
1170 4002 1178 4034 t
1200 3979 1261 4037 Ata

228 4066 290 4122 cod.
304 4066 467 4126 Vindobon.
479 4065 531 4124 338
544 4078 573 4122 et
584 4066 648 4123 eod.
661 4078 777 4123 monast.
790 4067 953 4124 zwetlensis
967 4091 973 4122 :
989 4066 1068 4123 Albi.

263 4163 302 4233 (6)
320 4164 391 4222 uod.
404 4164 639 4237 Cantabrigiensis
652 4188 657 4218 :
673 4164 784 4237 abjecta
797 4164 956 4222 Muranum
967 4163 1087 4220 cauum.
