3000 5272
367 430 425 516 ¹ss
635 429 728 489 vna
751 428 896 489 sinon
918 425 1190 488 insanimus.

385 564 480 636 inter
510 576 626 661 partes
664 557 851 659 cujuslibet
879 558 1033 632 scandali
1065 573 1266 633 remaneret
1290 561 1447 636 occasio.

385 679 473 751 Erat
503 679 600 751 enim
633 701 772 776 semper
798 677 965 750 Romanis
991 692 1028 750 et
1060 677 1195 752 Graecis
1222 677 1450 752 Francorum

385 809 544 895 suspecta
560 795 720 892 potentia
730 846 741 881 ,
758 792 852 866 unde
869 809 905 866 et
923 793 1011 866 illud
1022 819 1181 895 graecum
1193 807 1292 867 extat
1303 819 1452 893 prover·

385 913 488 1004 bium
505 944 513 983 ι
531 927 613 981 ron
629 912 682 1008 (ι)
704 926 891 979 crasson
917 927 1043 979 amon
1062 927 1165 987 exre,
1187 924 1339 983 rrrons
1368 925 1450 981 ors

389 1045 490 1096 sx1c.

439 1737 555 1811 xvn.
583 1738 654 1830 Qui
680 1763 762 1810 cum
780 1751 899 1808 tantus
921 1736 975 1833 (a)
996 1735 1033 1807 in
1053 1732 1257 1832 ampliando
1282 1758 1397 1834 regno
1414 1747 1449 1806 et

390 1851 593 1953 subigendis
606 1854 735 1927 exteris
751 1851 958 1926 nationibus
975 1853 1159 1939 existeret,
1173 1853 1262 1925 etin
1279 1847 1447 1950 ejusmodi

391 1969 687 2069 occupationibus
710 1970 845 2043 assidue
870 1984 1083 2054 versaretur,
1103 1993 1210 2066 opera
1231 1983 1353 2041 tamen
1372 1966 1448 2066 piu-

392 2091 482 2161 rima
502 2087 546 2160 ad
566 2089 666 2188 regni
690 2088 855 2162 decorem
877 2103 913 2160 et
929 2086 1220 2161 commoditatem
1235 2083 1446 2185 pertinentia

391 2203 538 2278 diversis
556 2205 593 2276 in
608 2204 694 2277 locis
710 2201 909 2291 inchoavit,
926 2203 1092 2303 quaedam
1104 2203 1210 2277 etiam
1228 2226 1447 2276 consumma·

368 2380 373 2389 .
392 2325 458 2391 vit.
476 2322 575 2392 Inter
587 2346 669 2418 quae
682 2320 861 2418 praecipua
880 2319 955 2393 sere
968 2320 1020 2416 (ὅ)
1042 2345 1118 2392 non
1135 2318 1319 2391 immerito
1341 2314 1446 2389 videri

392 2449 543 2533 possunt
563 2433 705 2507 basilica
730 2452 860 2507 sanctae
879 2437 944 2508 Dei
962 2435 1145 2535 genitricis
1162 2432 1218 2530 (l.)
1240 2429 1447 2533 Aquisgnai

394 2577 502 2649 opere
529 2550 684 2623 mirabili
711 2568 939 2640 constructa,
959 2568 995 2626 et
1014 2577 1106 2650 pons
1131 2549 1225 2649 apud
1247 2548 1448 2650 Mogontia-

395 2692 478 2738 cum
492 2667 544 2763 (5)
562 2667 599 2738 in
614 2669 736 2742 Hreno
748 2671 800 2765 (6)
818 2671 1101 2768 quingentorum
1116 2691 1284 2765 passuum
1299 2664 1448 2765 longitu-

396 2779 489 2852 dinis
522 2822 572 2836 —
599 2808 682 2853 nam
708 2797 805 2855 tanta
830 2799 884 2854 est
918 2782 967 2854 ibi
993 2783 1153 2855 fluminis
1181 2780 1349 2854 latitudo.
1385 2777 1447 2872 Qui

396 2910 516 2968 tamen
532 2922 608 2969 uno
623 2913 814 2997 antequam
830 2898 1014 2972 decederet
1030 2925 1127 2972 anno
1145 2898 1314 2974 incendio
1325 2894 1449 2972 confla·

396 3014 531 3112 gravit,
557 3038 623 3085 nec
642 3013 740 3086 refici
759 3015 880 3112 potuit
893 3030 1042 3114 propter
1059 3014 1266 3089 festinatum
1283 3013 1380 3086 iliius
1392 3010 1448 3085 dc-

432 3338 472 3407 (s)
489 3336 550 3390 Hoc
570 3335 746 3409 proverbium
764 3333 845 3389 codd.
861 3336 943 3390 variis
964 3335 1053 3390 modis
1071 3343 1234 3409 corruptum
1252 3334 1373 3400 habeon
1392 3344 1449 3387 mu·

398 3445 482 3500 quam
494 3437 586 3480 autem
596 3426 697 3499 legitur
709 3437 741 3480 ut
752 3427 782 3480 in
791 3425 887 3480 editis:
899 3430 940 3482 etr
950 3430 1054 3499 ομγιὲι
1064 3434 1128 3492 stass
1138 3435 1211 3500 ῐχῃς,
1223 3432 1327 3498 γείτονι
1336 3431 1382 3481 ads
1391 3430 1447 3494 tm

399 3544 434 3556 -
444 3514 573 3570 Graecum
585 3515 659 3567 enim
674 3532 693 3562 υ
704 3523 732 3567 et
746 3534 757 3578 ῃ
771 3525 839 3569 tunc
851 3517 984 3588 temporis
997 3516 1069 3590 ilegi
1081 3515 1208 3585 solitum,
1219 3525 1335 3590 apparet
1346 3512 1448 3586 (rec.)

434 3620 473 3688 (a)
491 3617 561 3673 cod.
576 3616 647 3690 neg.
662 3618 748 3672 Paris.
762 3616 831 3694 5927
846 3643 851 3671 z
868 3629 1007 3675 strenuus.

432 3719 471 3791 (5)
489 3720 559 3775 Fere
570 3720 674 3775 habent
684 3719 746 3775 cod.
757 3721 918 3777 Vindobon.
929 3722 981 3798 667
992 3734 1021 3778 et
1031 3722 1160 3778 undecim
1167 3722 1230 3789 atii,
1244 3720 1339 3776 deuse
1349 3716 1449 3775 videtu

399 3810 429 3864 in
443 3807 572 3883 reliquis;
586 3827 601 3860 a
614 3809 648 3863 D.
663 3808 790 3882 Bouquet
803 3811 953 3866 omittitur.

436 3914 476 3982 (4)
493 3910 585 3966 Codd.
598 3910 758 3964 Vindobon.
772 3911 824 3988 667
836 3924 864 3967 et
876 3912 948 3984 Reg.
963 3914 1026 3968 Par.
1041 3914 1110 3988 5997
1126 3939 1131 3968 :
1145 3914 1266 3969 Manu.

434 4013 474 4085 (5)
492 4014 546 4071 ΑΗ.
568 4015 809 4085 dinoscentiam,
834 4015 1054 4085 Mogontiacum.
1077 4047 1109 4058 -
1130 4016 1163 4070 D.
1187 4015 1274 4087 Bonq.
1297 4010 1451 4084 Magnae

402 4124 471 4159 cum.

434 4213 473 4279 (6)
494 4213 532 4267 ΑΙ.
552 4212 660 4266 Rheno.
676 4211 729 4265 rid.
745 4228 825 4283 supra
