3000 5272
220 405 281 465 ³02
654 398 844 459 ternotus.

216 556 342 631 paoem
359 554 443 603 eum
467 525 637 603 Miohueie
654 528 871 626 imperatore
889 526 1181 605 confirmandum
1197 530 1289 607 Pm-

219 646 495 745 stentinopolim
514 645 626 719 misit.
651 645 747 719 Pons
767 642 863 744 opud
879 645 1152 745 Mogontiacum
1168 671 1287 723 mare

220 766 316 839 maio
333 762 502 839 inoendio
517 759 769 862 conflagravit,
784 775 868 861 post
877 760 978 863 qnod
993 763 1289 862 imperotore-

219 883 258 955 in
268 880 675 967 Arduennavenaretur,
685 876 818 978 pedum
824 876 1289 971 dotoredembneum

220 1000 399 1073 valescens
417 996 638 1097 Aqunsgnni
662 1022 825 1070 reversus
848 1012 923 1083 est,
947 1022 990 1069 ec
1013 996 1149 1073 deinde
1164 994 1288 1073 hitto

218 1114 376 1215 generali
398 1130 602 1201 conventu,
621 1129 809 1187 evocatum
829 1112 875 1187 ad
892 1138 930 1189 se
954 1113 1051 1213 rpud
1065 1112 1288 1215 Aqungmi

221 1231 337 1305 filium
349 1256 454 1302 suum
464 1229 737 1317 Hludowieum,
749 1228 954 1330 Aquitaniae
962 1254 1100 1331 regem,
1113 1254 1289 1307 eurum!

221 1348 274 1421 illi
302 1347 494 1447 imposuit,
519 1361 556 1419 et
582 1344 775 1445 imperialis
802 1348 962 1421 nominis
985 1344 1056 1419 sibi
1080 1362 1288 1423 mortem

220 1467 324 1555 fecit3
342 1462 662 1564 Bernhartiumque
677 1479 847 1563 nepotem
863 1490 989 1554 suum,
1009 1463 1129 1537 filium
1142 1464 1286 1565 Pippini

220 1583 286 1657 filii
299 1583 371 1671 sui,
383 1581 495 1657 ltuiiae
507 1580 690 1680 proeleoit,
701 1595 739 1654 et
751 1606 872 1681 regem
884 1578 1053 1681 appellari
1060 1578 1287 1679 jussimu-

220 1701 300 1773 eiliu
317 1724 463 1800 quoque
474 1701 575 1795 jussu
591 1699 665 1796 ejus
682 1723 791 1796 super
805 1713 901 1770 statu
919 1697 1154 1773 ecelesiarum
1169 1698 1286 1773 ouri·

217 1818 336 1917 gendo
352 1843 417 1916 per
431 1830 545 1889 totum
562 1813 714 1887 Gallium
730 1812 776 1886 ab
791 1815 968 1914 episcopis
983 1810 1164 1888 celebrata
1179 1828 1284 1901 sunt,

218 1959 376 2034 quorum
394 1958 509 2004 uuum
527 1932 767 2030 Mogontiaci,
792 1932 947 2006 aiterum
969 1932 1109 2021 Remis,
1135 1933 1284 2007 tertium

220 2051 397 2135 Turonis,
430 2064 599 2148 quartum
626 2046 821 2122 Cabillonis
850 2050 924 2147 (t),
952 2051 1124 2150 quintum
1150 2049 1283 2125 Arelrti

218 2181 475 2268 congregatum
492 2180 566 2252 est,
587 2181 623 2237 et
639 2166 963 2253 constitutionum,
979 2192 1062 2266 quae
1079 2166 1119 2239 in
1135 2164 1284 2269 singuiis

215 2282 436 2369 faetaesunt,
452 2280 597 2354 collatio
609 2306 730 2354 eoram
744 2282 961 2381 imperatore
971 2282 1010 2354 in
1023 2280 1090 2355 illo
1100 2298 1284 2357 eonsentu

217 2398 358 2487 habito;
373 2424 462 2500 quas
473 2398 536 2499 qui
548 2422 652 2472 nosse
662 2398 833 2487 voluerit,
848 2399 885 2471 in
897 2398 1111 2499 supmdictis
1121 2399 1285 2501 quinque

216 2512 421 2587 civitatibus
439 2514 603 2587 invenire
617 2512 774 2612 poterit,
791 2496 1016 2615 quamquam·
1028 2528 1066 2589 et
1081 2514 1122 2587 in
1138 2510 1284 2591 affluo

215 2631 337 2732 palatii
361 2631 574 2730 exemplaria
600 2629 745 2703 illarum
767 2627 978 2705 habeantur.
1004 2628 1104 2704 Missi
1130 2644 1220 2705 sunt
1240 2628 1284 2705 de

214 2750 285 2824 hoc
309 2764 492 2825 conventu
513 2748 657 2848 quidam
686 2749 910 2823 Francomm
932 2766 969 2824 et
993 2750 1182 2837 Senonum
1203 2750 1284 2851 pi·

215 2890 335 2940 mores
358 2880 457 2938 trans
479 2863 601 2939 Albim
618 2864 771 2939 fluvium
786 2866 831 2939 ud
855 2866 1014 2941 conlinit
1031 2866 1282 2955 Nortrnunno·

214 3008 317 3070 rum,
329 2981 393 3081 qui
409 3005 534 3078 pacem
550 2982 697 3054 cumeis
713 2980 912 3055 secundum
925 2983 1143 3083 petitionem
1156 3004 1282 3085 regn

215 3097 361 3171 illorum
374 3094 535 3169 facerent
542 3147 554 3183 ,
568 3109 606 3168 et
618 3094 767 3170 fratrem
780 3123 909 3173 eorum
921 3096 1127 3175 redderent.
1141 3096 1282 3193 ρῶν

213 3213 381 3311 compuri
391 3236 545 3285 numero
555 3236 697 3283 -num
708 3208 1280 3313 xvrerant(2)-deprim¹trltm

212 3329 401 3403 Danorum
423 3330 461 3401 in
484 3329 566 3403 loco
586 3329 759 3428 deputato
780 3332 1043 3421 occurrissent,
1063 3328 1280 3431 juramenti·

213 3446 398 3546 utrimque
421 3445 523 3520 factis
547 3473 614 3546 pax
639 3446 872 3536 confirmata,
890 3462 928 3523 et
946 3472 1073 3548 regum
1096 3446 1213 3535 irater
1230 3447 1279 3523 eis

212 3559 373 3635 redditus
389 3578 455 3634 est.
476 3561 546 3653 Qui
564 3577 684 3636 tamen
702 3589 745 3636 eo
768 3578 931 3663 tempore
946 3562 1044 3637 domi
1059 3586 1138 3637 non
1154 3578 1275 3649 erunt,

246 3833 285 3902 (ι)
302 3830 348 3887 Sic
360 3829 473 3886 Freher.
488 3840 517 3884 et
529 3829 591 3885 cod.
602 3831 711 3885 Treuir.
723 3861 758 3872 -
771 3830 825 3887 All.
841 3830 1007 3899 cabillione,
1020 3830 1175 3887 eabttm
1184 3829 1274 3887 Mun.

210 3938 283 3975 com.
297 3918 445 3973 Cabilloni.

244 4008 284 4077 (α)
301 4005 371 4062 Cod.
393 4004 555 4061 Vindobon.
576 4022 630 4079 99⁰
650 4030 655 4057 :
677 4024 744 4060 num
763 4023 806 4061 xv.
830 4036 866 4047 —
886 4004 966 4060 Unus
986 4022 1003 4059 e
1021 4002 1103 4061 oudd.
1124 4002 1274 4063 Annalium

212 4098 328 4152 lauriss.
349 4095 418 4167 legit
439 4114 512 4150 nam.
535 4114 563 4147 vr
586 4105 681 4161 erant,
704 4105 733 4149 et
756 4096 794 4149 sic
815 4095 920 4150 habent
940 4094 1062 4151 Annales
1080 4092 1180 4151 laisei
1201 4090 1274 4168 qni

211 4187 243 4239 t).
254 4186 389 4258 Bouquet.
