<?xml version="1.0" encoding="UTF-8"?>
<!DOCTYPE html PUBLIC "-//W3C//DTD XHTML 1.0 Transitional//EN"
    "http://www.w3.org/TR/xhtml1/DTD/xhtml1-transitional.dtd">
<html xmlns="http://www.w3.org/1999/xhtml" xml:lang="en" lang="en">
 <head>
  <title>
</title>
<meta http-equiv="Content-Type" content="text/html;charset=utf-8" />
  <meta name='ocr-system' content='tesseract 3.04.00' />
  <meta name='ocr-capabilities' content='ocr_page ocr_carea ocr_par ocr_line ocrx_word'/>
</head>
<body>
  <div class='ocr_page' id='page_1' title='image "./einhardiomniaqu01einhgoog_0317.png"; bbox 0 0 3000 5272; ppageno 0'>
   <div class='ocr_carea' id='block_1_1' title="bbox 378 410 1049 473">
    <p class='ocr_par' dir='ltr' id='par_1_1' title="bbox 378 410 1049 473">
     <span class='ocr_line' id='line_1_1' title="bbox 378 410 1049 473; baseline -0.004 0"><span class='ocrx_word' id='word_1_1' title='bbox 378 414 436 473; x_wconf 81' lang='lat'><strong>308</strong></span> <span class='ocrx_word' id='word_1_2' title='bbox 766 410 1049 473; x_wconf 86' lang='lat' dir='ltr'>HLUDOWICUS.</span> 
     </span>
    </p>
   </div>
   <div class='ocr_carea' id='block_1_2' title="bbox 709 678 1114 759">
    <p class='ocr_par' dir='ltr' id='par_1_2' title="bbox 709 678 1114 759">
     <span class='ocr_line' id='line_1_2' title="bbox 709 678 1114 759; baseline 0.007 -6"><span class='ocrx_word' id='word_1_3' title='bbox 709 678 1114 759; x_wconf 88' lang='lat' dir='ltr'><strong>HLUDOWICUS.</strong></span> 
     </span>
    </p>
   </div>
   <div class='ocr_carea' id='block_1_3' title="bbox 803 880 1024 955">
    <p class='ocr_par' dir='ltr' id='par_1_3' title="bbox 803 880 1024 955">
     <span class='ocr_line' id='line_1_3' title="bbox 803 880 1024 955; baseline 0.014 -4"><span class='ocrx_word' id='word_1_4' title='bbox 803 880 1024 955; x_wconf 81' lang='lat' dir='ltr'><strong>ncccxlv.</strong></span> 
     </span>
    </p>
   </div>
   <div class='ocr_carea' id='block_1_4' title="bbox 377 1039 1451 2897">
    <p class='ocr_par' dir='ltr' id='par_1_4' title="bbox 377 1039 1451 2897">
     <span class='ocr_line' id='line_1_4' title="bbox 428 1039 1446 1142; baseline 0.001 -29"><span class='ocrx_word' id='word_1_5' title='bbox 428 1043 591 1115; x_wconf 89' lang='lat' dir='ltr'><strong>Domnus</strong></span> <span class='ocrx_word' id='word_1_6' title='bbox 613 1040 766 1114; x_wconf 85' lang='lat' dir='ltr'><strong>Karolus</strong></span> <span class='ocrx_word' id='word_1_7' title='bbox 799 1043 997 1140; x_wconf 85' lang='lat' dir='ltr'><strong>imperator</strong></span> <span class='ocrx_word' id='word_1_8' title='bbox 1022 1039 1110 1112; x_wconf 88' lang='lat' dir='ltr'><strong>dum</strong></span> <span class='ocrx_word' id='word_1_9' title='bbox 1131 1040 1356 1142; x_wconf 83' lang='lat' dir='ltr'><strong>Aquisgrani</strong></span> <span class='ocrx_word' id='word_1_10' title='bbox 1380 1039 1446 1115; x_wconf 90' lang='lat' dir='ltr'><strong>bie·</strong></span> 
     </span>
     <span class='ocr_line' id='line_1_5' title="bbox 378 1158 1444 1261; baseline -0.005 -27"><span class='ocrx_word' id='word_1_11' title='bbox 378 1175 512 1247; x_wconf 91' lang='lat' dir='ltr'><strong>maret,</strong></span> <span class='ocrx_word' id='word_1_12' title='bbox 528 1184 625 1231; x_wconf 89' lang='lat' dir='ltr'><strong>anno</strong></span> <span class='ocrx_word' id='word_1_13' title='bbox 640 1159 755 1231; x_wconf 78' lang='lat' dir='ltr'><strong>aetatis</strong></span> <span class='ocrx_word' id='word_1_14' title='bbox 768 1159 913 1232; x_wconf 80' lang='lat' dir='ltr'><strong>circiter</strong></span> <span class='ocrx_word' id='word_1_15' title='bbox 926 1160 1186 1259; x_wconf 86' lang='lat' dir='ltr'><strong>septuagesimo</strong></span> <span class='ocrx_word' id='word_1_16' title='bbox 1200 1158 1344 1259; x_wconf 88' lang='lat' dir='ltr'><strong>primo,</strong></span> <span class='ocrx_word' id='word_1_17' title='bbox 1357 1160 1444 1261; x_wconf 76' lang='lat' dir='ltr'><strong>regni</strong></span> 
     </span>
     <span class='ocr_line' id='line_1_6' title="bbox 377 1258 1446 1378; baseline -0.002 -28"><span class='ocrx_word' id='word_1_18' title='bbox 377 1293 499 1351; x_wconf 88' lang='lat' dir='ltr'><strong>autem</strong></span> <span class='ocrx_word' id='word_1_19' title='bbox 514 1275 787 1378; x_wconf 82' lang='lat' dir='ltr'><strong>quadragesimo</strong></span> <span class='ocrx_word' id='word_1_20' title='bbox 809 1277 963 1374; x_wconf 90' lang='lat' dir='ltr'><strong>septimo</strong></span> <span class='ocrx_word' id='word_1_21' title='bbox 982 1277 1060 1374; x_wconf 87' lang='lat'><strong>(1),</strong></span> <span class='ocrx_word' id='word_1_22' title='bbox 1084 1258 1323 1377; x_wconf 62' lang='lat' dir='ltr'><strong>subactaeque</strong></span> <span class='ocrx_word' id='word_1_23' title='bbox 1348 1276 1446 1351; x_wconf 76' lang='lat' dir='ltr'><strong>ltaliae</strong></span> 
     </span>
     <span class='ocr_line' id='line_1_7' title="bbox 378 1393 1446 1495; baseline 0.003 -31"><span class='ocrx_word' id='word_1_24' title='bbox 378 1393 649 1494; x_wconf 84' lang='lat' dir='ltr'><strong>quadragesimo</strong></span> <span class='ocrx_word' id='word_1_25' title='bbox 664 1393 787 1479; x_wconf 88' lang='lat' dir='ltr'><strong>tertio,</strong></span> <span class='ocrx_word' id='word_1_26' title='bbox 800 1418 843 1464; x_wconf 88' lang='lat' dir='ltr'><strong>ex</strong></span> <span class='ocrx_word' id='word_1_27' title='bbox 856 1417 931 1493; x_wconf 89' lang='lat' dir='ltr'><strong>quo</strong></span> <span class='ocrx_word' id='word_1_28' title='bbox 944 1418 1031 1468; x_wconf 86' lang='lat' dir='ltr'><strong>vero</strong></span> <span class='ocrx_word' id='word_1_29' title='bbox 1045 1394 1253 1492; x_wconf 83' lang='lat' dir='ltr'><strong>Imperator</strong></span> <span class='ocrx_word' id='word_1_30' title='bbox 1264 1408 1306 1467; x_wconf 86' lang='lat' dir='ltr'><strong>et</strong></span> <span class='ocrx_word' id='word_1_31' title='bbox 1319 1394 1446 1495; x_wconf 63' lang='lat' dir='ltr'><strong>Augus</strong></span> 
     </span>
     <span class='ocr_line' id='line_1_8' title="bbox 379 1505 1446 1610; baseline 0.003 -28"><span class='ocrx_word' id='word_1_32' title='bbox 379 1526 437 1583; x_wconf 88' lang='lat' dir='ltr'><strong>tus</strong></span> <span class='ocrx_word' id='word_1_33' title='bbox 444 1509 641 1609; x_wconf 90' lang='lat' dir='ltr'><strong>appellatus</strong></span> <span class='ocrx_word' id='word_1_34' title='bbox 649 1505 1446 1610; x_wconf 64' lang='lat' dir='ltr'><strong>estannodecimoquarto,vlutfebmebus</strong></span> 
     </span>
     <span class='ocr_line' id='line_1_9' title="bbox 379 1625 1447 1723; baseline 0.002 -25"><span class='ocrx_word' id='word_1_35' title='bbox 379 1625 544 1698; x_wconf 90' lang='lat' dir='ltr'><strong>humanis</strong></span> <span class='ocrx_word' id='word_1_36' title='bbox 561 1625 709 1698; x_wconf 84' lang='lat' dir='ltr'><strong>excessit</strong></span> <span class='ocrx_word' id='word_1_37' title='bbox 731 1625 798 1722; x_wconf 74' lang='lat' dir='ltr'><strong>(a).</strong></span> <span class='ocrx_word' id='word_1_38' title='bbox 818 1625 926 1723; x_wconf 91' lang='lat' dir='ltr'><strong>Cujus</strong></span> <span class='ocrx_word' id='word_1_39' title='bbox 944 1626 997 1698; x_wconf 91' lang='lat' dir='ltr'><strong>rei</strong></span> <span class='ocrx_word' id='word_1_40' title='bbox 1015 1627 1193 1699; x_wconf 88' lang='lat' dir='ltr'><strong>nuncium</strong></span> <span class='ocrx_word' id='word_1_41' title='bbox 1211 1652 1304 1699; x_wconf 88' lang='lat' dir='ltr'><strong>cum</strong></span> <span class='ocrx_word' id='word_1_42' title='bbox 1320 1626 1447 1700; x_wconf 85' lang='lat' dir='ltr'><strong>llludo·</strong></span> 
     </span>
     <span class='ocr_line' id='line_1_10' title="bbox 378 1741 1449 1844; baseline -0.002 -27"><span class='ocrx_word' id='word_1_43' title='bbox 378 1745 492 1818; x_wconf 86' lang='lat' dir='ltr'><strong>wicus</strong></span> <span class='ocrx_word' id='word_1_44' title='bbox 508 1742 603 1815; x_wconf 89' lang='lat' dir='ltr'><strong>filius</strong></span> <span class='ocrx_word' id='word_1_45' title='bbox 621 1746 695 1842; x_wconf 92' lang='lat' dir='ltr'><strong>ejus</strong></span> <span class='ocrx_word' id='word_1_46' title='bbox 714 1743 751 1813; x_wconf 94' lang='lat' dir='ltr'><strong>in</strong></span> <span class='ocrx_word' id='word_1_47' title='bbox 768 1741 961 1842; x_wconf 84' lang='lat' dir='ltr'><strong>Aquitania</strong></span> <span class='ocrx_word' id='word_1_48' title='bbox 978 1743 1073 1843; x_wconf 91' lang='lat' dir='ltr'><strong>apud</strong></span> <span class='ocrx_word' id='word_1_49' title='bbox 1089 1742 1311 1819; x_wconf 83' lang='lat' dir='ltr'><strong>Tedoadum</strong></span> <span class='ocrx_word' id='word_1_50' title='bbox 1328 1746 1383 1844; x_wconf 81' lang='lat'><strong>(5)</strong></span> <span class='ocrx_word' id='word_1_51' title='bbox 1396 1744 1449 1816; x_wconf 81' lang='lat' dir='ltr'><strong>vil</strong></span> 
     </span>
     <span class='ocr_line' id='line_1_11' title="bbox 377 1856 1448 1959; baseline -0.001 -27"><span class='ocrx_word' id='word_1_52' title='bbox 377 1860 465 1946; x_wconf 85' lang='lat' dir='ltr'><strong>lam,</strong></span> <span class='ocrx_word' id='word_1_53' title='bbox 476 1857 539 1938; x_wconf 91' lang='lat' dir='ltr'><strong>ubi</strong></span> <span class='ocrx_word' id='word_1_54' title='bbox 554 1874 590 1932; x_wconf 89' lang='lat' dir='ltr'><strong>et</strong></span> <span class='ocrx_word' id='word_1_55' title='bbox 604 1859 678 1958; x_wconf 90' lang='lat' dir='ltr'><strong>ipse</strong></span> <span class='ocrx_word' id='word_1_56' title='bbox 690 1877 777 1930; x_wconf 90' lang='lat' dir='ltr'><strong>tunc</strong></span> <span class='ocrx_word' id='word_1_57' title='bbox 790 1856 1018 1952; x_wconf 86' lang='lat' dir='ltr'><strong>hibernabat,</strong></span> <span class='ocrx_word' id='word_1_58' title='bbox 1030 1859 1198 1959; x_wconf 87' lang='lat' dir='ltr'><strong>plurimis</strong></span> <span class='ocrx_word' id='word_1_59' title='bbox 1207 1858 1448 1935; x_wconf 85' lang='lat' dir='ltr'><strong>deferentibus</strong></span> 
     </span>
     <span class='ocr_line' id='line_1_12' title="bbox 379 1976 1448 2080; baseline 0.004 -33"><span class='ocrx_word' id='word_1_60' title='bbox 379 1976 590 2076; x_wconf 89' lang='lat' dir='ltr'><strong>accepisset,</strong></span> <span class='ocrx_word' id='word_1_61' title='bbox 606 1976 789 2049; x_wconf 89' lang='lat' dir='ltr'><strong>tricesimo</strong></span> <span class='ocrx_word' id='word_1_62' title='bbox 802 1992 992 2077; x_wconf 89' lang='lat' dir='ltr'><strong>postquam</strong></span> <span class='ocrx_word' id='word_1_63' title='bbox 1008 1976 1044 2048; x_wconf 92' lang='lat' dir='ltr'><strong>id</strong></span> <span class='ocrx_word' id='word_1_64' title='bbox 1058 1976 1238 2052; x_wconf 88' lang='lat' dir='ltr'><strong>acciderat</strong></span> <span class='ocrx_word' id='word_1_65' title='bbox 1250 1977 1315 2053; x_wconf 91' lang='lat' dir='ltr'><strong>die</strong></span> <span class='ocrx_word' id='word_1_66' title='bbox 1327 1976 1448 2080; x_wconf 76' lang='lat' dir='ltr'><strong>Aquas</strong></span> 
     </span>
     <span class='ocr_line' id='line_1_13' title="bbox 379 2094 1449 2195; baseline 0.003 -29"><span class='ocrx_word' id='word_1_67' title='bbox 379 2094 482 2195; x_wconf 84' lang='lat' dir='ltr'><strong>grani</strong></span> <span class='ocrx_word' id='word_1_68' title='bbox 506 2095 629 2178; x_wconf 88' lang='lat' dir='ltr'><strong>venit,</strong></span> <span class='ocrx_word' id='word_1_69' title='bbox 664 2120 879 2193; x_wconf 90' lang='lat' dir='ltr'><strong>summoque</strong></span> <span class='ocrx_word' id='word_1_70' title='bbox 912 2095 1079 2168; x_wconf 90' lang='lat' dir='ltr'><strong>omnium</strong></span> <span class='ocrx_word' id='word_1_71' title='bbox 1109 2096 1345 2170; x_wconf 86' lang='lat' dir='ltr'><strong>Francorum</strong></span> <span class='ocrx_word' id='word_1_72' title='bbox 1369 2122 1449 2171; x_wconf 81' lang='lat' dir='ltr'><strong>oon-</strong></span> 
     </span>
     <span class='ocr_line' id='line_1_14' title="bbox 380 2208 1449 2313; baseline -0.002 -30"><span class='ocrx_word' id='word_1_73' title='bbox 380 2237 486 2283; x_wconf 90' lang='lat' dir='ltr'><strong>sensu</strong></span> <span class='ocrx_word' id='word_1_74' title='bbox 506 2236 547 2281; x_wconf 88' lang='lat' dir='ltr'><strong>ac</strong></span> <span class='ocrx_word' id='word_1_75' title='bbox 567 2208 690 2282; x_wconf 85' lang='lat' dir='ltr'><strong>favore</strong></span> <span class='ocrx_word' id='word_1_76' title='bbox 713 2210 807 2309; x_wconf 91' lang='lat' dir='ltr'><strong>patri</strong></span> <span class='ocrx_word' id='word_1_77' title='bbox 831 2211 1011 2283; x_wconf 88' lang='lat' dir='ltr'><strong>successit.</strong></span> <span class='ocrx_word' id='word_1_78' title='bbox 1036 2212 1083 2284; x_wconf 86' lang='lat' dir='ltr'><strong>Et</strong></span> <span class='ocrx_word' id='word_1_79' title='bbox 1106 2211 1150 2284; x_wconf 93' lang='lat' dir='ltr'><strong>ad</strong></span> <span class='ocrx_word' id='word_1_80' title='bbox 1172 2216 1336 2313; x_wconf 88' lang='lat' dir='ltr'><strong>suscepti</strong></span> <span class='ocrx_word' id='word_1_81' title='bbox 1361 2212 1449 2313; x_wconf 81' lang='lat' dir='ltr'><strong>regni</strong></span> 
     </span>
     <span class='ocr_line' id='line_1_15' title="bbox 381 2326 1450 2431; baseline 0.002 -32"><span class='ocrx_word' id='word_1_82' title='bbox 381 2326 731 2399; x_wconf 90' lang='lat' dir='ltr'><strong>administrationem</strong></span> <span class='ocrx_word' id='word_1_83' title='bbox 766 2351 852 2397; x_wconf 87' lang='lat' dir='ltr'><strong>cura</strong></span> <span class='ocrx_word' id='word_1_84' title='bbox 882 2351 1050 2400; x_wconf 71' lang='lat' dir='ltr'><strong>conversa</strong></span> <span class='ocrx_word' id='word_1_85' title='bbox 1063 2380 1075 2416; x_wconf 91' lang='lat'><strong>,</strong></span> <span class='ocrx_word' id='word_1_86' title='bbox 1106 2329 1232 2427; x_wconf 89' lang='lat' dir='ltr'><strong>primo</strong></span> <span class='ocrx_word' id='word_1_87' title='bbox 1264 2328 1450 2431; x_wconf 84' lang='lat' dir='ltr'><strong>legationes</strong></span> 
     </span>
     <span class='ocr_line' id='line_1_16' title="bbox 381 2442 1448 2545; baseline 0.001 -29"><span class='ocrx_word' id='word_1_88' title='bbox 381 2444 565 2545; x_wconf 77' lang='lat' dir='ltr'><strong>gentium,</strong></span> <span class='ocrx_word' id='word_1_89' title='bbox 583 2469 665 2543; x_wconf 86' lang='lat' dir='ltr'><strong>quae</strong></span> <span class='ocrx_word' id='word_1_90' title='bbox 682 2442 726 2514; x_wconf 91' lang='lat' dir='ltr'><strong>ad</strong></span> <span class='ocrx_word' id='word_1_91' title='bbox 743 2460 882 2542; x_wconf 87' lang='lat' dir='ltr'><strong>patrem</strong></span> <span class='ocrx_word' id='word_1_92' title='bbox 903 2459 1097 2534; x_wconf 86' lang='lat' dir='ltr'><strong>venerant,</strong></span> <span class='ocrx_word' id='word_1_93' title='bbox 1122 2444 1262 2517; x_wconf 84' lang='lat' dir='ltr'><strong>auditas</strong></span> <span class='ocrx_word' id='word_1_94' title='bbox 1284 2444 1448 2529; x_wconf 79' lang='lat' dir='ltr'><strong>absolvit,</strong></span> 
     </span>
     <span class='ocr_line' id='line_1_17' title="bbox 380 2560 1447 2663; baseline 0.001 -29"><span class='ocrx_word' id='word_1_95' title='bbox 380 2561 464 2634; x_wconf 86' lang='lat' dir='ltr'><strong>alias</strong></span> <span class='ocrx_word' id='word_1_96' title='bbox 478 2560 607 2634; x_wconf 91' lang='lat' dir='ltr'><strong>deinde</strong></span> <span class='ocrx_word' id='word_1_97' title='bbox 622 2560 731 2632; x_wconf 90' lang='lat' dir='ltr'><strong>simili</strong></span> <span class='ocrx_word' id='word_1_98' title='bbox 748 2560 859 2637; x_wconf 89' lang='lat' dir='ltr'><strong>modo</strong></span> <span class='ocrx_word' id='word_1_99' title='bbox 873 2561 917 2633; x_wconf 90' lang='lat' dir='ltr'><strong>ad</strong></span> <span class='ocrx_word' id='word_1_100' title='bbox 930 2578 1071 2660; x_wconf 84' lang='lat' dir='ltr'><strong>patrem</strong></span> <span class='ocrx_word' id='word_1_101' title='bbox 1086 2560 1237 2663; x_wconf 90' lang='lat' dir='ltr'><strong>quidem</strong></span> <span class='ocrx_word' id='word_1_102' title='bbox 1247 2565 1308 2662; x_wconf 75' lang='grc'><strong>(4)</strong></span> <span class='ocrx_word' id='word_1_103' title='bbox 1319 2566 1447 2649; x_wconf 84' lang='lat' dir='ltr'><strong>missas,</strong></span> 
     </span>
     <span class='ocr_line' id='line_1_18' title="bbox 382 2676 1450 2781; baseline 0.002 -33"><span class='ocrx_word' id='word_1_104' title='bbox 382 2676 424 2749; x_wconf 92' lang='lat' dir='ltr'><strong>ad</strong></span> <span class='ocrx_word' id='word_1_105' title='bbox 440 2702 577 2750; x_wconf 88' lang='lat' dir='ltr'><strong>severo</strong></span> <span class='ocrx_word' id='word_1_106' title='bbox 589 2677 773 2749; x_wconf 81' lang='lat' dir='ltr'><strong>venientes</strong></span> <span class='ocrx_word' id='word_1_107' title='bbox 786 2678 953 2776; x_wconf 90' lang='lat' dir='ltr'><strong>suscepit.</strong></span> <span class='ocrx_word' id='word_1_108' title='bbox 970 2679 1071 2752; x_wconf 90' lang='lat' dir='ltr'><strong>lnter</strong></span> <span class='ocrx_word' id='word_1_109' title='bbox 1082 2703 1171 2778; x_wconf 88' lang='lat' dir='ltr'><strong>quas</strong></span> <span class='ocrx_word' id='word_1_110' title='bbox 1188 2681 1380 2781; x_wconf 87' lang='lat' dir='ltr'><strong>praecipua</strong></span> <span class='ocrx_word' id='word_1_111' title='bbox 1390 2679 1450 2753; x_wconf 83' lang='lat' dir='ltr'><strong>fnit</strong></span> 
     </span>
     <span class='ocr_line' id='line_1_19' title="bbox 382 2791 1451 2897; baseline 0.007 -34"><span class='ocrx_word' id='word_1_112' title='bbox 382 2792 514 2892; x_wconf 82' lang='lat' dir='ltr'><strong>legatio</strong></span> <span class='ocrx_word' id='word_1_113' title='bbox 525 2791 570 2866; x_wconf 90' lang='lat' dir='ltr'><strong>de</strong></span> <span class='ocrx_word' id='word_1_114' title='bbox 582 2793 899 2893; x_wconf 87' lang='lat' dir='ltr'><strong>Constantinopoli</strong></span> <span class='ocrx_word' id='word_1_115' title='bbox 913 2793 1048 2867; x_wconf 85' lang='lat' dir='ltr'><strong>directa</strong></span> <span class='ocrx_word' id='word_1_116' title='bbox 1063 2796 1132 2894; x_wconf 83' lang='lat'><strong>(5).</strong></span> <span class='ocrx_word' id='word_1_117' title='bbox 1146 2795 1244 2869; x_wconf 89' lang='lat' dir='ltr'><strong>Nam</strong></span> <span class='ocrx_word' id='word_1_118' title='bbox 1257 2800 1338 2873; x_wconf 85' lang='lat' dir='ltr'><strong>Leo</strong></span> <span class='ocrx_word' id='word_1_119' title='bbox 1349 2800 1451 2897; x_wconf 86' lang='lat' dir='ltr'><strong>impe·</strong></span> 
     </span>
    </p>
   </div>
   <div class='ocr_carea' id='block_1_5' title="bbox 383 2910 1451 3010">
    <p class='ocr_par' dir='ltr' id='par_1_5' title="bbox 383 2910 1451 3010">
     <span class='ocr_line' id='line_1_20' title="bbox 383 2910 1451 3010; baseline 0.006 -28"><span class='ocrx_word' id='word_1_120' title='bbox 383 2926 485 2982; x_wconf 88' lang='lat' dir='ltr'><strong>rator</strong></span> <span class='ocrx_word' id='word_1_121' title='bbox 514 2912 577 3010; x_wconf 92' lang='lat' dir='ltr'><strong>qui</strong></span> <span class='ocrx_word' id='word_1_122' title='bbox 608 2910 772 2984; x_wconf 88' lang='lat' dir='ltr'><strong>Michaeli</strong></span> <span class='ocrx_word' id='word_1_123' title='bbox 806 2928 1040 3001; x_wconf 87' lang='lat' dir='ltr'><strong>successerat,</strong></span> <span class='ocrx_word' id='word_1_124' title='bbox 1071 2912 1222 2989; x_wconf 89' lang='lat' dir='ltr'><strong>dimisso</strong></span> <span class='ocrx_word' id='word_1_125' title='bbox 1251 2916 1451 2991; x_wconf 82' lang='lat' dir='ltr'><strong>Amalbario</strong></span> 
     </span>
    </p>
   </div>
   <div class='ocr_carea' id='block_1_6' title="bbox 382 3028 1448 3362">
    <p class='ocr_par' dir='ltr' id='par_1_6' title="bbox 382 3028 1448 3362">
     <span class='ocr_line' id='line_1_21' title="bbox 382 3028 1448 3137; baseline 0.005 -34"><span class='ocrx_word' id='word_1_126' title='bbox 382 3030 551 3128; x_wconf 89' lang='lat' dir='ltr'><strong>episcopo</strong></span> <span class='ocrx_word' id='word_1_127' title='bbox 572 3045 608 3101; x_wconf 87' lang='lat' dir='ltr'><strong>et</strong></span> <span class='ocrx_word' id='word_1_128' title='bbox 630 3029 738 3102; x_wconf 90' lang='lat' dir='ltr'><strong>Petro</strong></span> <span class='ocrx_word' id='word_1_129' title='bbox 759 3028 907 3119; x_wconf 88' lang='lat' dir='ltr'><strong>abbate,</strong></span> <span class='ocrx_word' id='word_1_130' title='bbox 928 3033 990 3131; x_wconf 84' lang='lat' dir='ltr'><strong>qui</strong></span> <span class='ocrx_word' id='word_1_131' title='bbox 1017 3032 1060 3104; x_wconf 92' lang='lat' dir='ltr'><strong>ad</strong></span> <span class='ocrx_word' id='word_1_132' title='bbox 1079 3032 1298 3109; x_wconf 86' lang='lat' dir='ltr'><strong>Michaelem</strong></span> <span class='ocrx_word' id='word_1_133' title='bbox 1317 3034 1448 3137; x_wconf 85' lang='lat' dir='ltr'><strong>quidem</strong></span> 
     </span>
     <span class='ocr_line' id='line_1_22' title="bbox 382 3142 1448 3248; baseline 0.006 -32"><span class='ocrx_word' id='word_1_134' title='bbox 382 3145 503 3232; x_wconf 91' lang='lat' dir='ltr'><strong>missi,</strong></span> <span class='ocrx_word' id='word_1_135' title='bbox 523 3142 566 3216; x_wconf 86' lang='lat' dir='ltr'><strong>ad</strong></span> <span class='ocrx_word' id='word_1_136' title='bbox 584 3171 621 3216; x_wconf 93' lang='lat' dir='ltr'><strong>se</strong></span> <span class='ocrx_word' id='word_1_137' title='bbox 641 3159 761 3218; x_wconf 82' lang='lat' dir='ltr'><strong>tamen</strong></span> <span class='ocrx_word' id='word_1_138' title='bbox 778 3162 979 3235; x_wconf 87' lang='lat' dir='ltr'><strong>venerunt,</strong></span> <span class='ocrx_word' id='word_1_139' title='bbox 1005 3148 1141 3248; x_wconf 83' lang='lat' dir='ltr'><strong>legatos</strong></span> <span class='ocrx_word' id='word_1_140' title='bbox 1161 3174 1269 3238; x_wconf 82' lang='lat' dir='ltr'><strong>snos,</strong></span> <span class='ocrx_word' id='word_1_141' title='bbox 1295 3150 1448 3225; x_wconf 85' lang='lat' dir='ltr'><strong>Christo-</strong></span> 
     </span>
     <span class='ocr_line' id='line_1_23' title="bbox 382 3260 1448 3362; baseline 0.004 -29"><span class='ocrx_word' id='word_1_142' title='bbox 382 3261 506 3337; x_wconf 87' lang='lat' dir='ltr'><strong>sorum</strong></span> <span class='ocrx_word' id='word_1_143' title='bbox 529 3260 751 3360; x_wconf 87' lang='lat' dir='ltr'><strong>spatharium</strong></span> <span class='ocrx_word' id='word_1_144' title='bbox 769 3278 806 3335; x_wconf 91' lang='lat' dir='ltr'><strong>ct</strong></span> <span class='ocrx_word' id='word_1_145' title='bbox 827 3263 1045 3362; x_wconf 81' lang='lat' dir='ltr'><strong>Gregorium</strong></span> <span class='ocrx_word' id='word_1_146' title='bbox 1066 3265 1283 3357; x_wconf 86' lang='lat' dir='ltr'><strong>diaconem,</strong></span> <span class='ocrx_word' id='word_1_147' title='bbox 1309 3267 1448 3343; x_wconf 85' lang='lat' dir='ltr'><strong>cumeis</strong></span> 
     </span>
    </p>
   </div>
   <div class='ocr_carea' id='block_1_7' title="bbox 419 3611 1484 3897">
    <p class='ocr_par' dir='ltr' id='par_1_7' title="bbox 419 3611 1484 3897">
     <span class='ocr_line' id='line_1_24' title="bbox 419 3611 932 3686; baseline -0.006 -17"><span class='ocrx_word' id='word_1_148' title='bbox 419 3620 459 3685; x_wconf 82' lang='grc' dir='ltr'><strong>(ι)</strong></span> <span class='ocrx_word' id='word_1_149' title='bbox 477 3613 548 3671; x_wconf 89' lang='lat' dir='ltr'><strong>Cod.</strong></span> <span class='ocrx_word' id='word_1_150' title='bbox 561 3613 631 3686; x_wconf 79' lang='lat' dir='ltr'><strong>llcg.</strong></span> <span class='ocrx_word' id='word_1_151' title='bbox 645 3613 733 3667; x_wconf 82' lang='lat' dir='ltr'><strong>Paris.</strong></span> <span class='ocrx_word' id='word_1_152' title='bbox 743 3611 814 3686; x_wconf 71' lang='lat'><strong>5924</strong></span> <span class='ocrx_word' id='word_1_153' title='bbox 828 3637 833 3665; x_wconf 87' lang='lat'>:</span> <span class='ocrx_word' id='word_1_154' title='bbox 850 3631 932 3666; x_wconf 80' lang='lat' dir='ltr'><strong>xtitn.</strong></span> 
     </span>
     <span class='ocr_line' id='line_1_25' title="bbox 419 3715 1098 3789; baseline 0 -17"><span class='ocrx_word' id='word_1_155' title='bbox 419 3721 457 3789; x_wconf 80' lang='lat' dir='ltr'><strong>(n)</strong></span> <span class='ocrx_word' id='word_1_156' title='bbox 476 3718 530 3772; x_wconf 82' lang='lat' dir='ltr'><strong>llic</strong></span> <span class='ocrx_word' id='word_1_157' title='bbox 541 3717 642 3770; x_wconf 82' lang='lat' dir='ltr'><strong>finiunt</strong></span> <span class='ocrx_word' id='word_1_158' title='bbox 654 3715 735 3771; x_wconf 88' lang='lat' dir='ltr'><strong>codd.</strong></span> <span class='ocrx_word' id='word_1_159' title='bbox 750 3716 884 3789; x_wconf 79' lang='lat' dir='ltr'><strong>Aniberg.</strong></span> <span class='ocrx_word' id='word_1_160' title='bbox 898 3727 927 3771; x_wconf 90' lang='lat' dir='ltr'><strong>et</strong></span> <span class='ocrx_word' id='word_1_161' title='bbox 937 3715 1098 3772; x_wconf 75' lang='lat' dir='ltr'><strong>blodenens.</strong></span> 
     </span>
     <span class='ocr_line' id='line_1_26' title="bbox 420 3818 1484 3897; baseline -0.003 -21"><span class='ocrx_word' id='word_1_162' title='bbox 420 3819 459 3893; x_wconf 79' lang='grc'><strong>(5)</strong></span> <span class='ocrx_word' id='word_1_163' title='bbox 477 3820 533 3875; x_wconf 82' lang='lat' dir='ltr'><strong>All.</strong></span> <span class='ocrx_word' id='word_1_164' title='bbox 552 3818 728 3885; x_wconf 81' lang='lat' dir='ltr'><strong>Tcodadum,</strong></span> <span class='ocrx_word' id='word_1_165' title='bbox 754 3819 913 3881; x_wconf 63' lang='lat' dir='ltr'><strong>Tenedum,⁴</strong></span> <span class='ocrx_word' id='word_1_166' title='bbox 929 3819 1087 3874; x_wconf 76' lang='lat' dir='ltr'><strong>Frehems:</strong></span> <span class='ocrx_word' id='word_1_167' title='bbox 1107 3818 1335 3885; x_wconf 76' lang='lat' dir='ltr'><strong>Tlteodnndnrn,¹</strong></span> <span class='ocrx_word' id='word_1_168' title='bbox 1351 3822 1436 3879; x_wconf 82' lang='lat' dir='ltr'><strong>Noem-</strong></span> <span class='ocrx_word' id='word_1_169' title='bbox 1480 3856 1484 3897; x_wconf 88' lang='lat'><strong>.&#39;</strong></span> 
     </span>
    </p>
   </div>
   <div class='ocr_carea' id='block_1_8' title="bbox 386 3907 779 3967">
    <p class='ocr_par' dir='ltr' id='par_1_8' title="bbox 386 3907 779 3967">
     <span class='ocr_line' id='line_1_27' title="bbox 386 3907 779 3967; baseline -0.015 0"><span class='ocrx_word' id='word_1_170' title='bbox 386 3913 443 3967; x_wconf 82' lang='lat' dir='ltr'><strong>rius</strong></span> <span class='ocrx_word' id='word_1_171' title='bbox 455 3928 547 3965; x_wconf 86' lang='lat' dir='ltr'><strong>comes</strong></span> <span class='ocrx_word' id='word_1_172' title='bbox 560 3933 565 3960; x_wconf 71' lang='grc' dir='ltr'><em>τ</em></span> <span class='ocrx_word' id='word_1_173' title='bbox 586 3907 779 3962; x_wconf 74' lang='grc' dir='ltr'><strong>ΤΙιειίοαιίωη.</strong></span> 
     </span>
    </p>
   </div>
   <div class='ocr_carea' id='block_1_9' title="bbox 385 4008 1494 4173">
    <p class='ocr_par' dir='ltr' id='par_1_9' title="bbox 385 4008 1494 4173">
     <span class='ocr_line' id='line_1_28' title="bbox 419 4008 1494 4083; baseline -0.002 -16"><span class='ocrx_word' id='word_1_174' title='bbox 419 4015 458 4083; x_wconf 72' lang='grc'><strong>(4)</strong></span> <span class='ocrx_word' id='word_1_175' title='bbox 477 4013 599 4066; x_wconf 83' lang='lat' dir='ltr'><strong>Nnenar.</strong></span> <span class='ocrx_word' id='word_1_176' title='bbox 614 4027 719 4075; x_wconf 87' lang='lat' dir='ltr'><strong>comcs,</strong></span> <span class='ocrx_word' id='word_1_177' title='bbox 733 4010 812 4079; x_wconf 87' lang='lat' dir='ltr'><strong>cujus</strong></span> <span class='ocrx_word' id='word_1_178' title='bbox 825 4008 859 4061; x_wconf 89' lang='lat' dir='ltr'><strong>ad</strong></span> <span class='ocrx_word' id='word_1_179' title='bbox 872 4008 1002 4062; x_wconf 79' lang='lat' dir='ltr'><strong>lectiones</strong></span> <span class='ocrx_word' id='word_1_180' title='bbox 1017 4009 1051 4063; x_wconf 90' lang='lat' dir='ltr'><strong>D.</strong></span> <span class='ocrx_word' id='word_1_181' title='bbox 1066 4009 1201 4083; x_wconf 86' lang='lat' dir='ltr'><strong>Bonquet.</strong></span> <span class='ocrx_word' id='word_1_182' title='bbox 1216 4011 1321 4068; x_wconf 81' lang='lat' dir='ltr'><strong>exinde</strong></span> <span class='ocrx_word' id='word_1_183' title='bbox 1333 4019 1434 4067; x_wconf 69' lang='lat' dir='ltr'><strong>constan·</strong></span> <span class='ocrx_word' id='word_1_184' title='bbox 1477 4027 1494 4065; x_wconf 73' lang='grc' dir='ltr'><strong>ῑ.·</strong></span> 
     </span>
     <span class='ocr_line' id='line_1_29' title="bbox 385 4098 1213 4173; baseline -0.004 -15"><span class='ocrx_word' id='word_1_185' title='bbox 385 4117 428 4158; x_wconf 75' lang='lat' dir='ltr'><strong>ter</strong></span> <span class='ocrx_word' id='word_1_186' title='bbox 441 4102 570 4158; x_wconf 77' lang='lat' dir='ltr'><strong>accedere</strong></span> <span class='ocrx_word' id='word_1_187' title='bbox 583 4100 660 4163; x_wconf 76' lang='lat' dir='ltr'><strong>solet,</strong></span> <span class='ocrx_word' id='word_1_188' title='bbox 678 4102 723 4153; x_wconf 86' lang='lat' dir='ltr'><strong>bic</strong></span> <span class='ocrx_word' id='word_1_189' title='bbox 737 4099 805 4169; x_wconf 78' lang='lat' dir='ltr'><strong>legit</strong></span> <span class='ocrx_word' id='word_1_190' title='bbox 820 4125 824 4151; x_wconf 78' lang='lat' dir='ltr'><em>z</em></span> <span class='ocrx_word' id='word_1_191' title='bbox 842 4098 881 4154; x_wconf 83' lang='lat' dir='ltr'><strong>nd</strong></span> <span class='ocrx_word' id='word_1_192' title='bbox 892 4109 1000 4170; x_wconf 79' lang='lat' dir='ltr'><strong>patrem</strong></span> <span class='ocrx_word' id='word_1_193' title='bbox 1013 4110 1078 4155; x_wconf 82' lang='lat' dir='ltr'><strong>ante</strong></span> <span class='ocrx_word' id='word_1_194' title='bbox 1089 4099 1213 4173; x_wconf 70' lang='lat' dir='ltr'><strong>nitidem,</strong></span> 
     </span>
    </p>
   </div>
   <div class='ocr_carea' id='block_1_10' title="bbox 419 4204 639 4274">
    <p class='ocr_par' dir='ltr' id='par_1_10' title="bbox 419 4204 639 4274">
     <span class='ocr_line' id='line_1_30' title="bbox 419 4204 639 4274; baseline -0.018 -15"><span class='ocrx_word' id='word_1_195' title='bbox 419 4206 459 4274; x_wconf 81' lang='lat'><strong>(5)</strong></span> <span class='ocrx_word' id='word_1_196' title='bbox 479 4204 530 4258; x_wconf 86' lang='lat' dir='ltr'><strong>lid.</strong></span> <span class='ocrx_word' id='word_1_197' title='bbox 547 4208 639 4258; x_wconf 77' lang='lat' dir='ltr'><strong>mirso.</strong></span> 
     </span>
    </p>
   </div>
   <div class='ocr_carea' id='block_1_11' title="bbox 0 0 1516 5272">
    <p class='ocr_par' dir='ltr' id='par_1_11' title="bbox 0 0 1516 5272">
     <span class='ocr_line' id='line_1_31' title="bbox 0 0 1516 5272; baseline 0 0"><span class='ocrx_word' id='word_1_198' title='bbox 0 0 1516 5272; x_wconf 95' lang='lat' dir='ltr'><strong> </strong></span> 
     </span>
    </p>
   </div>
  </div>
 </body>
</html>
