3000 5272
380 421 441 480 346
772 417 1055 479 HLUDOWICUS.

379 549 571 622 dimidium
584 551 842 624 exercitatione
856 549 1039 622 venatoria
1054 549 1094 622 in
1104 549 1234 649 Vosegi
1249 548 1347 621 saltu
1358 565 1457 650 atque

381 670 526 744 seeretis
546 670 675 770 exegit.

430 790 571 862 Interea
590 790 709 862 Borna
719 842 730 878 ,
751 787 824 861 dux
842 787 1030 860 Dalmatiae
1045 800 1153 886 atque
1170 783 1388 875 Liburniae,
1404 786 1459 860 de

379 902 529 976 functus
539 919 605 992 est,
618 921 654 977 et
663 919 807 1002 petente
820 902 959 1002 populo
970 915 1078 1003 atque
1086 902 1310 1002 imperatore
1320 926 1459 975 consen

382 1020 517 1107 tiente,
534 1046 647 1119 nepos
662 1019 770 1109 itlius,
787 1020 936 1092 nomine
953 1018 1210 1115 Ladasclavus(
1216 1021 1264 1108 ι),
1280 1042 1459 1094 successor

383 1136 414 1210 ei
444 1138 663 1209 constitutus
689 1152 756 1210 est.
785 1134 947 1209 Ailatum
973 1151 1026 1210 est
1050 1134 1157 1210 etde
1182 1151 1309 1210 morte
1336 1136 1458 1210 leonis

381 1254 778 1353 Constantinopolitani
800 1254 1053 1352 imperatoris,
1073 1250 1173 1353 quod
1190 1253 1457 1353 conspiratione

382 1370 626 1472 quorumdam
649 1374 868 1470 optimatum
900 1398 1074 1459 suorum,
1101 1386 1138 1444 et
1168 1371 1362 1470 praecipue
1394 1372 1456 1444 Mi-

383 1485 516 1559 chaelis
540 1488 683 1560 comitis
706 1488 989 1561 domesticorum
1006 1487 1083 1586 (a),
1105 1487 1142 1558 in
1162 1487 1242 1586 ipso
1259 1487 1399 1586 palatio
1418 1487 1455 1558 sit

383 1602 650 1702 interemptus,
684 1605 747 1705 qui
779 1602 949 1704 suffragio
979 1602 1112 1675 civium
1145 1616 1183 1677 et
1212 1603 1457 1703 praetoriano-

384 1744 468 1789 rum
482 1719 643 1792 miiitum
660 1721 779 1792 studio
799 1719 930 1793 infulas
948 1718 1090 1817 imperii
1108 1717 1309 1816 suscepisse
1320 1715 1457 1791 diceba·

383 1851 458 1908 tur.
474 1837 695 1910 Fortunatus
713 1836 915 1938 patriarcha
934 1834 1144 1923 Gradensis,
1162 1859 1250 1907 cum
1266 1860 1289 1906 a
1306 1834 1454 1937 quodam

382 1950 600 2053 presbytero
618 1980 706 2042 suo,
726 1957 877 2028 nomine
894 1951 1066 2039 Tiberio,
1089 1951 1184 2050 apud
1203 1950 1455 2052 imperatorem

383 2067 510 2143 fuisset
519 2088 716 2161 aecusatus,
732 2073 832 2171 quod
847 2069 1090 2144 Liudewitum
1103 2066 1147 2139 ad
1160 2066 1456 2168 perseverandum

385 2183 424 2256 iu
439 2185 587 2283 perfidia
602 2213 673 2286 qua
687 2202 849 2285 coeperat
859 2184 1080 2272 hortaretur,
1095 2208 1254 2284 eumque
1265 2180 1316 2256 ad
1326 2181 1456 2256 castella

384 2325 445 2372 sua
460 2302 671 2392 munienda,
687 2303 842 2375 artifices
854 2319 891 2376 et
903 2302 1082 2374 murarios
1095 2298 1297 2389 mittendo,
1307 2303 1455 2400 juraret,

385 2434 421 2490 et
438 2417 487 2492 ob
505 2417 576 2493 hoc
592 2420 636 2491 ad
654 2421 828 2518 palatium
845 2422 897 2493 ire
910 2417 1117 2518 juberetur3
1135 2416 1260 2517 primo
1273 2417 1380 2491 velut
1388 2421 1457 2517 jus·

386 2535 525 2608 sionem
541 2537 770 2636 impleturus,
791 2539 828 2610 in
840 2537 1012 2609 Histriam
1025 2533 1209 2636 profectus
1223 2549 1302 2625 est,
1319 2534 1404 2609 inde
1415 2534 1457 2606 si-

385 2654 524 2728 mulato
548 2655 668 2729 reditu
686 2656 730 2728 ad
747 2655 908 2727 Gradum
932 2655 1132 2744 civitatem,
1159 2652 1266 2728 nullo
1292 2678 1454 2737 suorum,

384 2787 520 2868 praeter
537 2799 597 2847 eos
621 2799 704 2844 cnm
728 2771 863 2872 quibus
880 2770 951 2845 hoc
976 2784 1209 2859 tractaverat,
1240 2770 1454 2871 suspicante,

385 2903 511 2960 nactus
535 2891 762 2963 occasionem
787 2891 878 2962 elam
899 2889 1098 2989 navigavit,
1113 2888 1341 2991 veniensque
1357 2888 1455 2963 Jade-

384 3031 464 3078 ram
478 3007 665 3080 Dalmatiae
680 3010 876 3097 civitatem,
895 3007 1051 3082 Johanni
1068 3006 1243 3107 praefecto
1260 3008 1453 3107 provincia

386 3121 481 3195 illius
499 3123 595 3224 sugae
621 3152 694 3197 suae
717 3152 836 3198 causas
860 3125 1025 3225 apernit,
1044 3126 1107 3224 qui
1133 3148 1218 3197 eum
1235 3126 1364 3198 statim
1383 3125 1453 3197 nari

386 3241 597 3339 impositum
634 3241 992 3340 Constantinopolim
1028 3241 1140 3314 misit.
1181 3239 1308 3316 Medio
1344 3268 1454 3316 meust·

386 3357 555 3432 octobrio
582 3375 783 3433 conventus
807 3358 982 3460 generalis
1006 3350 1101 3457 apud
1123 3356 1453 3432 Theodonisviilam

383 3501 511 3576 magna
540 3479 664 3578 populi
693 3480 918 3552 Francorum
943 3476 1147 3578 frequentia
1176 3474 1398 3565 celebratur,
1424 3477 1452 3547 in

383 3621 458 3694 quo
489 3595 645 3669 domnus
676 3597 905 3686 Hlotbarius,
938 3595 1201 3698 primogenitus
1233 3597 1453 3696 imperatoris
1494 3682 1496 3689 Ι

418 3842 457 3911 (1)
476 3841 546 3896 Cod.
568 3842 731 3898 Vindobon.
755 3861 804 3897 rro
825 3867 830 3895 :
851 3840 1052 3897 Ludosclarus.
1072 3868 1109 3882 -
1125 3837 1290 3894 Lodardao
1309 3837 1388 3913 apud
1404 3837 1452 3892 duo

383 3930 492 3987 codices
505 3935 702 3989 Laurissenses.
717 3932 848 4004 -Quod
862 3932 976 4008 quidem
990 3949 1092 3987 nomen
1104 3928 1180 4005 apud
1191 3947 1244 3985 noa
1256 3929 1347 3985 hodie
1361 3939 1448 3985 sonat:

383 4020 526 4076 Ladislaa

419 4112 458 4181 rr)
477 4112 510 4165 D.
524 4113 650 4185 ltouquet
661 4132 724 4168 cum
735 4113 760 4167 N
763 4116 876 4169 cenario
889 4112 989 4168 comite
1002 4157 1006 4162 .
1019 4109 1232 4166 domesticorum
1240 4107 1353 4164 insulsis
1364 4112 1391 4162 ιή
1401 4110 1451 4177 ipsa

383 4202 498 4267 patratio.
