3000 5272
381 421 421 481 86
630 414 726 474 Vth
748 413 894 474 KlllOH
918 410 1191 471 lMPttmottts.

379 543 605 622 Alexandriae
622 558 730 644 atque
755 540 962 643 Carthagini
986 543 1065 640 (t),
1084 540 1147 614 ubi
1164 538 1382 615 christianos
1407 542 1444 614 in

378 676 587 763 paupertate
603 660 725 732 vivere
742 672 985 758 compererat,
1003 658 1165 755 penuriae
1182 655 1332 731 illorum
1345 680 1445 730 com·

377 780 537 879 patiens,
557 777 748 877 pecuniam
764 776 910 848 mittere
929 771 1088 863 solebam
1117 772 1167 848 ob
1194 771 1265 848 hoc
1290 774 1445 850 maxime

377 893 705 968 transmarinorum
720 918 848 992 regum
863 893 1035 964 amicitias
1052 905 1242 991 expetens,
1265 907 1310 964 ut
1334 889 1445 964 chria-

379 1010 486 1085 tianis
512 1007 580 1082 suh
612 1035 739 1084 eorum
763 1006 954 1081 dominatu
978 1006 1191 1108 degentibus
1216 1007 1444 1110 refiigerium

379 1125 526 1228 aliquod
540 1153 582 1199 ac
597 1126 767 1200 relevatio
781 1127 990 1225 proveniret
1003 1127 1068 1227 (2).
1086 1124 1236 1201 Colchat
1248 1151 1330 1226 prae
1341 1139 1445 1200 cete·

378 1245 429 1317 ris
446 1243 552 1317 sacris
563 1259 600 1318 et
613 1240 879 1317 venerabilibus
889 1242 977 1318 locis
989 1242 1085 1343 apud
1097 1244 1250 1318 Romam
1264 1242 1444 1317 eeclesiam

378 1358 473 1435 beati
490 1361 587 1434 Petri
605 1360 757 1461 apostoli
779 1361 858 1461 (3),
883 1361 920 1434 in
945 1363 1044 1462 cujus
1070 1359 1218 1434 donaria
1239 1385 1371 1460 magna
1396 1359 1444 1430 via

379 1478 567 1579 pecuniae,
597 1495 671 1552 tam
692 1479 731 1551 in
747 1503 837 1551 auro
853 1503 963 1581 quam
986 1479 1024 1550 in
1041 1492 1213 1579 argento,
1229 1503 1300 1551 nec
1316 1501 1394 1551 non
1411 1489 1446 1550 et

379 1595 543 1693 gemmis,
557 1591 603 1666 ab
622 1592 686 1668 illo
702 1608 869 1693 congesta
883 1608 949 1666 est.
964 1592 1079 1667 Multa
1096 1609 1134 1667 et
1150 1592 1343 1666 innumera
1357 1616 1444 1694 pon·

380 1707 539 1785 tificibus
556 1735 707 1783 munera
725 1710 852 1799 missa,
866 1735 984 1812 neque
1002 1709 1062 1784 ille
1075 1723 1156 1784 toto
1168 1708 1271 1809 tegni
1287 1707 1345 1781 sui
1361 1722 1447 1782 tem·

380 1852 471 1928 pore
495 1827 691 1930 quicquam
715 1828 819 1900 duxit
844 1828 1026 1929 antiquius
1052 1828 1108 1930 (4)
1120 1883 1131 1918 ‚
1160 1852 1270 1928 quam
1295 1840 1340 1900 ut
1362 1823 1445 1898 urba

380 1942 494 2018 Roma
507 1968 569 2014 sua
581 1968 691 2042 opera
703 1969 840 2044 suoque
853 1941 976 2017 labore
988 1958 1109 2018 vetere
1121 1942 1277 2043 polletet
1292 1941 1446 2015 auctori·

383 2074 477 2150 tate,
495 2075 531 2134 et
548 2059 692 2134 ecclesia
709 2063 821 2134 sancti
836 2063 931 2135 Petri
945 2088 1011 2162 per
1025 2060 1128 2135 illum
1143 2087 1219 2135 non
1236 2059 1356 2136 solum
1373 2072 1446 2133 tuta

383 2202 423 2250 ac
437 2175 603 2267 defensa,
618 2178 800 2252 sedetiam
814 2180 885 2251 suis
904 2178 1035 2279 opibus
1052 2203 1129 2280 prae
1146 2176 1320 2252 omnibus
1334 2175 1447 2252 eecle-

382 2294 518 2397 siisl(5)
547 2310 637 2367 esset
661 2311 788 2369 ornata
814 2311 921 2398 atque
950 2295 1075 2369 ditata.
1103 2293 1221 2390 Quam
1247 2320 1333 2367 cum
1359 2292 1445 2365 tanti

381 2408 575 2509 penderet,
591 2425 709 2484 tamen
730 2415 825 2484 intra
841 2436 940 2486 xtvn
954 2438 1156 2504 annorum,
1170 2408 1305 2513 quibua
1320 2434 1447 2511 regna·

383 2541 481 2601 verat
487 2579 499 2614 ,
514 2528 669 2625 spatium
682 2543 810 2628 quater
829 2544 972 2602 tantum
989 2529 1053 2602 illo
1069 2543 1242 2605 votorum
1259 2525 1448 2605 solvendo-

383 2668 467 2716 rum
483 2668 523 2715 ac
539 2645 762 2744 supplicandi
781 2672 883 2720 causa
900 2645 1085 2747 profectus
1100 2661 1155 2722 est
1166 2643 1237 2745 (6)

432 2875 608 2951 xxvttt.
635 2877 763 2951 Ultimi
782 2880 955 2953 adventus
971 2880 1025 2952 aui
1045 2905 1120 2953 non
1138 2878 1257 2952 solum
1272 2876 1331 2953 hae
1352 2877 1448 2953 fuere

385 3017 518 3082 causae,
543 3018 669 3065 verum
695 2995 803 3067 etiam
821 2993 919 3094 quod
938 2996 1092 3069 Romani
1118 2996 1280 3069 Leonam
1298 2990 1448 3094 pontili-

385 3134 484 3198 cem,
512 3108 635 3181 multis
656 3110 824 3183 allectum
853 3111 1015 3208 injuriis,
1042 3112 1153 3184 erutis
1178 3109 1316 3185 scilicet
1339 3108 1447 3185 ocutis

418 3382 458 3451 (ι)
476 3380 530 3436 att.
559 3381 707 3449 clareant,
736 3381 912 3455 ctuoaagim·l
939 3380 1097 3459 cartagini,
1124 3382 1306 3459 tautegwa
1328 3380 1447 3442 Nm.

383 3487 457 3527 eom,
474 3470 682 3541 thhagtitem.

419 3562 459 3632 (a)
476 3559 548 3616 Cod.
564 3561 666 3618 Venet.
675 3561 733 3631 jam
743 3560 870 3617 laudatus
882 3562 929 3617 hic
940 3562 1020 3619 addit
1031 3587 1037 3619 ι
1050 3563 1218 3619 Redimebat
1225 3566 1448 3638 maeonium

385 3661 412 3705 el
429 3651 556 3706 detentos
574 3654 603 3704 in
622 3651 752 3706 manibus
770 3651 953 3708 barbatorum
972 3662 1000 3708 el
1019 3656 1078 3709 suis
1094 3654 1221 3727 pecuniis
1236 3671 1288 3711 m
1304 3652 1448 3711 lt'bmhl.

386 3741 427 3796 De
438 3759 495 3816 quo
505 3739 694 3795 additamento
708 3740 782 3796 idem
796 3760 827 3797 ac
835 3760 920 3816 nupta
932 3742 1144 3815 dijudicandum
1156 3754 1209 3801 eat.

419 3830 458 3903 (3)
476 3830 547 3888 eod.
563 3831 725 3888 Vindobon.
743 3832 774 3887 16
785 3843 814 3887 et
827 3832 884 3889 duo
899 3833 945 3889 alii
963 3857 969 3887 ε
986 3835 1066 3889 Petri
1075 3844 1102 3888 et
1114 3834 1213 3899 Patella
1227 3833 1270 3891 vel
1281 3832 1365 3893 Petn'
1372 3850 1448 3906 apos·

385 3923 436 3976 toli
447 3932 475 3976 et
487 3922 581 3977 Pauli.

418 4011 458 4080 (l)
476 4009 520 4064 Cf.
536 4009 613 4065 Suet.
627 4010 741 4082 Vespas.
756 4029 780 4063 c.
796 4011 821 4065 8.

420 4097 459 4168 (5)
477 4098 549 4154 Cod.
563 4097 726 4153 Vindobon.
739 4098 807 4175 667:
823 4120 883 4170 proe
897 4101 1025 4156 omnibus
1037 4103 1111 4158 atat.

421 4188 459 4262 (6)
477 4190 522 4245 Cf.
537 4190 614 4246 Suet.
629 4189 725 4246 Tiber.
741 4209 763 4245 c.
778 4207 820 4264 72.
