3000 5272
209 393 277 457 Ι400
603 393 884 454 HLUDOWICUS.

216 552 287 624 que
302 523 467 597 absolvit.
489 521 720 596 Hlotharium
738 549 884 624 quoque
900 521 1015 596 filium
1032 548 1160 613 snum,
1178 524 1273 601 finito

215 642 280 714 illo
299 654 494 729 conventu,
516 639 553 712 in
569 639 708 712 ltaliam
726 638 885 738 direxit(
891 640 941 738 1),
960 665 1000 712 nc
1016 639 1273 731 Bemhnnlum,

216 759 385 832 comitem
400 756 632 847 Barcinonae,
653 758 717 857 qui
741 772 886 831 eatenus
908 758 947 830 in
964 781 1084 830 marca
1103 758 1275 858 Hispania

214 872 449 974 praesidebat,
471 874 707 946 camerarium
721 873 775 971 (2)
795 872 833 945 in
847 871 981 972 palatio
992 898 1060 948 suo
1075 875 1273 949 confinii

214 992 303 1065 Aliis
317 992 425 1065 etiam
439 991 570 1080 causis,
593 1017 675 1090 quae
689 989 734 1063 ad
751 991 847 1064 illius
861 990 982 1091 placiti
1001 991 1275 1092 completionm

213 1110 396 1210 pertinere
415 1108 645 1197 videbantur,
664 1134 827 1210 congruo
843 1109 954 1184 modo
973 1110 1160 1211 dispositis
1177 1126 1275 1212 atque

215 1226 421 1326 completis,
437 1225 646 1326 populoque
661 1224 706 1298 ad
725 1253 786 1299 sua
804 1227 856 1301 ire
869 1225 1037 1316 dimisso,
1056 1228 1135 1327 ipse
1150 1227 1199 1301 ad
1216 1254 1273 1300 au-

214 1344 384 1419 tumnalis
409 1344 610 1418 venationis
637 1344 848 1418 exercitium
870 1345 914 1418 ad
935 1344 1211 1421 Frnnoonofurt
1230 1351 1273 1442 (ὅ)

214 1462 336 1534 villam
358 1461 541 1561 profectus
563 1477 628 1534 est.
655 1460 733 1554 Qua
756 1477 954 1551 transacta,
981 1462 1025 1535 ad
1048 1462 1271 1537 hiemandum

214 1578 434 1678 Aquasgrani
447 1604 609 1651 reversus
622 1593 695 1666 est,
711 1577 775 1649 ubi
793 1593 830 1651 et
845 1579 988 1651 missam
999 1579 1117 1653 nancti
1131 1579 1270 1653 Mmini

212 1719 253 1765 ac
262 1691 492 1766 festivitatem
501 1695 542 1765 B.
553 1690 708 1766 Andreae
719 1692 870 1792 apostoli
880 1693 946 1790 (4),
960 1718 1105 1770 necnon
1117 1709 1157 1768 et
1164 1694 1270 1794 ipsun

212 1822 476 1881 sacrosanctum
495 1807 687 1881 dominicae
705 1808 910 1880 Nativitntis
932 1806 1028 1882 diem
1048 1833 1137 1882 eum
1154 1833 1269 1910 magna

212 1925 338 1999 laetitia
351 1940 387 2000 et
400 1924 620 1999 exultatione
639 1923 843 1999 celebravit.

245 2204 285 2274 (1)
302 2201 336 2256 D.
352 2199 439 2274 Bouq.
452 2216 526 2254 cum.
538 2197 662 2253 Nuenar.
675 2197 794 2253 comite:
809 2201 839 2253 in
850 2197 966 2253 Italiam
976 2199 1060 2253 mitit.

242 2295 284 2364 (α)
301 2291 396 2360 Pertz,
410 2307 474 2344 cum
486 2298 607 2363 quatuor
618 2287 699 2343 codd.
713 2290 909 2344 camararium.

244 2380 283 2454 (ὅ)
301 2381 357 2438 ΑΗ.
383 2378 689 2447 Γναιιοοιιοιιιιανάιυη,
717 2376 941 2435 Franconouurd
951 2419 958 2445 ,
991 2374 1265 2451 Franconosurdm,

209 2469 487 2538 Ἐναιιοοηονιινιίαηι,
503 2467 740 2542 Francofurdum.

242 2563 281 2633 (4)
299 2560 421 2616 Nuenar.
436 2576 528 2614 comes
542 2568 571 2613 et
584 2559 618 2612 D.
632 2558 720 2632 Bouq.
737 2576 862 2613 reversus
877 2554 980 2612 ibidem
993 2558 1088 2613 sancti
1099 2556 1221 2613 Martini
1227 2563 1265 2608 ιι.

209 2669 262 2724 que
277 2650 353 2706 bean
362 2647 489 2704 Andreoe
492 2647 689 2722 festivitatem.

541 3137 747 3183 ssxl'mcmNT
775 3137 936 3181 Anninus.
