3000 5272
387 401 447 464 394
775 391 1057 455 IlLUDOWlCUS.

388 529 538 607 norilice
555 527 708 626 suseepti
727 540 824 599 sunt.
847 527 1048 624 Imperator
1061 520 1169 621 junio
1188 546 1320 597 mense
1339 521 1381 595 ad
1394 524 1444 597 lu-

386 647 542 750 gelheim
554 645 678 718 villam
691 644 812 733 venit,
827 642 952 742 ibique
967 668 1033 741 per
1043 640 1186 741 aliquot
1197 637 1282 715 dies
1293 639 1445 741 placitum

387 764 532 853 habuit,
547 765 587 852 in
601 788 696 864 quo,
713 787 795 834 cum
811 762 855 834 de
867 760 950 833 filiis
962 759 1034 831 suis
1046 756 1242 833 Hlothario
1257 772 1299 831 et
1310 756 1447 859 Pippiuo

387 910 472 956 cum
487 882 648 955 exercitu
663 878 708 953 ad
722 905 880 951 marcam
893 877 1123 976 Hispanicam
1134 874 1336 949 mittendis
1350 877 1448 951 comi-

386 1001 478 1073 lium
495 999 635 1085 inisset,
660 1012 698 1072 et
714 995 750 1069 id
768 993 954 1095 quomodo
976 993 1079 1069 fieret
1093 990 1324 1081 ordinasset,
1342 994 1448 1069 minu

387 1117 495 1190 etiam
520 1116 676 1189 Romani
699 1112 901 1214 pontificis,
925 1113 1123 1207 Quirinum
1147 1110 1405 1211 primicerium
1417 1136 1448 1183 ar

387 1229 704 1330 Theophylactum
720 1227 1054 1316 nomenclatorem,
1072 1226 1136 1327 qui
1153 1224 1202 1299 ad
1216 1250 1312 1300 eum
1324 1224 1388 1301 illo
1402 1250 1448 1299 n·

386 1362 540 1437 nerant,
560 1346 680 1419 audita
699 1372 825 1419 eorum
844 1345 1022 1445 legatione
1042 1341 1264 1431 dimisisset,
1284 1340 1332 1415 od
1346 1340 1449 1415 villan

385 1465 658 1541 Franconofurt
673 1463 858 1564 profectus
873 1479 947 1550 est,
970 1462 1093 1563 ibique
1107 1460 1330 1562 aliquandiu
1345 1486 1449 1533 mora-

387 1597 465 1669 tus,
481 1582 726 1657 Wormatiam
745 1582 863 1668 venit,
892 1597 1001 1680 atque
1024 1579 1108 1653 inde
1125 1576 1450 1653 Theodonisvillan

387 1701 566 1798 perrexit3
590 1698 728 1799 dequo
746 1698 827 1774 loco
850 1696 1081 1772 Hlotharium
1105 1695 1228 1771 filium
1253 1723 1364 1771 auum
1383 1720 1449 1769 can

387 1819 525 1917 magnis
549 1819 773 1891 Francorum
790 1817 904 1916 copiis
919 1815 965 1889 ad
982 1815 1214 1914 Hispanicum
1231 1840 1393 1889 maroam
1403 1812 1450 1885 di·

387 1934 494 2006 rexit.
512 1932 582 2026 Qui
595 1960 678 2005 cum
687 1932 903 2033 Lugdunum
916 1931 1085 2021 venisset,
1097 1928 1285 2019 consedit,
1297 1930 1449 2003 nuntium

387 2051 602 2149 opperiens,
627 2051 691 2150 qui
716 2076 753 2123 se
774 2050 820 2123 de
844 2049 1126 2122 sarracenorum
1146 2045 1316 2123 adventu
1336 2046 1448 2121 uma

387 2167 599 2253 certiorem
629 2167 762 2268 inqua
788 2167 1036 2265 expectatione
1058 2191 1142 2237 cum
1168 2164 1337 2265 Pippino
1356 2162 1448 2237 fitur

388 2283 637 2384 conloquitur,
657 2299 693 2357 et
710 2299 917 2383 comperto,
933 2282 1033 2384 quod
1047 2282 1238 2355 Sarraceni
1250 2280 1300 2355 ad
1309 2306 1447 2355 marm

387 2401 510 2474 venire
527 2416 590 2471 aut
607 2402 779 2473 timerent
794 2415 857 2471 aut
874 2398 1038 2488 nollent,
1061 2396 1243 2473 redeunte
1261 2400 1302 2472 in
1318 2396 1447 2499 Aquita·

386 2517 484 2588 niam
501 2515 630 2604 fratre,
647 2518 721 2616 ipse
737 2515 782 2588 ad
798 2531 937 2616 patrem
957 2514 1181 2615 Aquasgrani
1194 2514 1408 2589 revertitur.

435 2636 574 2707 Interea
598 2660 681 2706 cum
699 2634 736 2705 in
755 2631 962 2706 confinibus
977 2632 1313 2707 Nordmannorum
1333 2626 1448 2705 tande

386 2752 525 2825 loedere
549 2752 741 2825 interillos
758 2768 795 2825 et
811 2753 970 2824 Francos
986 2748 1269 2837 confirmando,
1293 2744 1448 2851 quamde

387 2868 547 2942 llarioldi
562 2867 669 2942 relius
683 2868 911 2941 tractandum
924 2884 1032 2956 esset,
1048 2882 1085 2941 et
1099 2864 1146 2939 ad
1158 2866 1233 2941 hoc
1247 2892 1346 2967 pene
1359 2864 1448 2943 totiu

388 2984 553 3058 Saxoniae
572 2987 720 3059 comites
737 2987 843 3059 simul
860 3014 941 3061 cum
959 2982 1238 3061 marchionibus
1252 2984 1322 3061 illo
1334 3010 1449 3061 conve

388 3104 538 3191 nissent,
559 3103 764 3193 Harioldus,
783 3131 905 3178 rerum
919 3102 1159 3204 gerendarum
1171 3102 1290 3177 nimis
1302 3102 1448 3205 cupidu,

388 3218 594 3293 condictam
608 3238 644 3293 et
659 3249 724 3320 per
737 3221 878 3295 obsides
894 3220 1073 3295 firmatam
1085 3244 1215 3321 pacem
1223 3274 1236 3307 ,
1257 3220 1448 3297 incensisat

388 3334 538 3433 direptis
550 3336 688 3437 aliquot
699 3337 1022 3412 Nordmannorum
1031 3336 1181 3426 villulis,
1193 3338 1351 3439 irrupit.
1362 3332 1449 3431 Quod

389 3450 572 3526 audientes
589 3453 653 3525 lilii
675 3453 888 3545 Godofridi,
909 3455 1105 3529 contractis
1122 3452 1252 3531 subito
1269 3456 1403 3555 copiis,
1418 3450 1448 3525 al

388 3595 546 3641 marcam
562 3572 733 3656 veniunt,
752 3589 789 3646 et
804 3587 950 3645 nostros
966 3573 1003 3643 in
1021 3572 1100 3669 ripa
1115 3569 1295 3669 Egidorae
1308 3568 1448 3645 llumiult

389 3684 550 3758 sedentes
561 3712 600 3758 ac
612 3687 702 3759 nihil
718 3688 786 3760 tale
795 3690 985 3787 opinantes
997 3687 1152 3759 transito
1165 3684 1325 3761 llumine
1335 3682 1446 3773 adorti,

390 3806 514 3875 castris
532 3824 669 3877 exuunt
684 3809 761 3905 (1),
782 3809 904 3906 cisque
922 3809 958 3879 in
976 3806 1099 3905 sugam
1115 3806 1207 3879 actis
1225 3820 1359 3879 cuncta
1373 3800 1447 3877 diri·
1490 3874 1492 3917 ἰ

428 4116 467 4168 ίι]Ι
487 4105 556 4157 (leil.
583 4105 739 4160 l'iutlubou.
763 4105 812 4170 (isid
865 4116 962 4159 rastro
983 4108 1106 4159 acciunt.
1124 4104 1197 4159 cod.
1218 4106 1345 4160 llanuot:
1365 4108 1443 4157 cesar

395 4205 506 4246 uirtuti.
