3000 5272
352 425 496 487 NOTlCE
514 425 590 488 sun
609 413 825 489 tlatttutttt).
1070 433 1118 502 lxv

58 552 231 664 quelque
240 577 461 660 gravesque
469 553 598 631 soient
604 568 733 633 toutes
739 579 801 633 ees
810 548 1117 659 presumptions,

58 709 115 759 on
132 696 226 787 peut
239 707 432 760 renoncer
448 680 470 757 ὲ
485 678 564 759 s’en
580 675 779 788 prevaloir
792 675 891 758 dans
906 705 988 757 une
1003 707 1120 799 ques-

59 807 149 883 tion
165 806 235 912 qui
252 832 293 884 se
304 822 444 884 trouve
459 801 619 888 decide‘e
636 834 708 914 par
721 831 799 884 une
813 830 961 911 preuve
976 806 1120 886 incon·

60 926 1120 1040 testable‚c'est-a-direparlete'moignaged'une'crivain

59 1082 231 1163 presque
239 1054 781 1164 contemporain,d’Odill0n,
791 1055 925 1134 moine
933 1053 983 1134 de
992 1055 1123 1138 Saint-

60 1178 245 1284 Me'dard,
266 1182 339 1289 qui
354 1180 454 1261 dans
471 1209 544 1261 son
564 1181 743 1261 Histoire
762 1179 812 1260 de
826 1179 864 1258 la
884 1181 1121 1262 translation

59 1306 113 1387 de
126 1308 230 1386 saint
243 1306 461 1403 Se‘bastien,
471 1307 590 1387 ecrite
605 1337 657 1386 au
672 1321 711 1386 x·
727 1306 842 1386 siecle
857 1303 932 1412 (ι),
945 1309 1124 1388 attribue

60 1436 342 1542 positirement
364 1433 418 1512 les
434 1434 604 1512 Annales
631 1409 896 1542 &Eginbard
921 1462 971 1512 en
995 1434 1050 1514 les
1071 1438 1124 1516 oi·

60 1579 151 1639 tant
170 1559 461 1639 textuellement
476 1561 546 1663 (2).
564 1560 678 1639 Voici
699 1577 897 1638 comment
917 1560 1125 1670 s'exprime

60 1684 227 1765 Odillon
242 1683 341 1764 dans
354 1713 396 1763 sa
410 1683 566 1793 preface
581 1683 760 1765 adresse'e
772 1687 795 1762 a
809 1682 937 1764 l'abbd
950 1686 1122 1793 Ingram.

60 1814 247 1920 Quoique
260 1812 296 1890 le
312 1840 405 1891 nom
420 1787 703 1919 d'llginhardy
718 1813 797 1892 soit
812 1839 867 1889 un
886 1839 964 1917 peu
984 1812 1123 1910 altere,

60 1967 108 2018 ce
126 1965 286 2045 passage
301 1965 351 2015 ne
367 1955 464 2043 peut
478 1936 613 2015 laisser
629 1964 758 2016 aucun
772 1934 893 2014 doute
915 1965 982 2014 sur
997 1937 1126 2017 l’iden

60 2064 136 2143 tite'
155 2063 204 2143 de
228 2063 392 2142 l’auteur
414 2080 453 2140 et
469 2060 519 2140 de
540 2062 736 2169 l’ouvrage
758 2093 765 2138 :

106 2291 120 2317 ι
133 2261 301 2345 Agenardus
309 2262 478 2343 cognomine
486 2261 617 2342 Sapiens,
628 2284 663 2320 ea
674 2265 724 2343 qui
734 2275 901 2343 tempestate
909 2263 1068 2324 habebatur
1077 2268 1127 2324 iu·

60 2361 165 2441 siguis,
177 2358 262 2436 hujus
275 2359 498 2417 reverentissimi
513 2357 649 2416 coelicolae
662 2360 837 2418 mentionem
852 2361 882 2418 in
895 2360 981 2441 gestis
990 2381 1126 2421 cesarum

61 2454 168 2514 Karoli
182 2452 281 2535 Magni
296 2465 325 2512 et
339 2453 391 2510 lilii
406 2453 496 2532 ipsius
507 2451 674 2511 illudowici
689 2452 815 2527 latiens,
832 2456 906 2513 inter
921 2454 978 2514 alia
993 2476 1056 2536 que
1071 2477 1128 2529 ap·

61 2551 164 2609 uotiuo
177 2570 263 2608 cursu
275 2547 419 2620 dictabat,
432 2568 490 2606 non
502 2549 683 2628 inoperosum
693 2547 776 2608 duxit
790 2550 921 2609 mortalia
934 2562 997 2610 acta
1010 2552 1128 2612 immor·

60 2645 115 2705 tali
123 2644 325 2724 astipulatione
335 2643 480 2715 roborare,
492 2643 531 2701 ita
539 2642 636 2702 dicens
649 2666 658 2701 ε
673 2671 687 2697 a
701 2642 777 2701 Dum
788 2643 847 2702 haec
862 2644 1130 2726 aguntumllildui-

64 2770 79 2794 ιι
99 2761 153 2798 nus
167 2739 254 2797 abhas
270 2737 434 2796 monasterii
445 2735 541 2795 Sancti
553 2736 687 2818 Dionysii
700 2736 824 2797 Romam
839 2740 968 2812 mittens,
983 2753 1129 2802 annuente

64 2864 79 2890 ιι
96 2835 229 2915 precibus
248 2835 309 2911 ejus
323 2832 472 2913 Eugenio,
492 2843 596 2890 sancta
613 2832 688 2891 sedis
710 2833 869 2912 apostolicae
893 2846 963 2893 tuuc
986 2835 1127 2914 presule,

64 2960 79 2992 a
98 2952 161 2991 ossa
184 2929 339 2988 beatissimi
354 2929 486 3009 martyris
508 2927 614 2986 Christi
632 2926 793 2987 sebastiani
813 2929 939 3009 accepit,
954 2941 983 2989 et
999 2951 1033 2990 ea
1051 2930 1131 3013 apud

67 3057 81 3080 ι
98 3024 279 3085 Suessioucm
293 3023 436 3083 civitatem
455 3025 485 3081 iu
500 3022 618 3082 basilica
632 3021 729 3082 Sancti
748 3022 882 3084 Medardi
894 3024 1055 3097 collomvit.
1070 3024 1129 3097 Ubi

65 3151 79 3175 ιι
96 3121 165 3180 dum
180 3120 328 3179 inhumata
344 3121 373 3178 iu
389 3118 501 3190 loculo,
522 3118 552 3176 in
568 3140 625 3198 quo
640 3117 727 3178 allata
747 3117 871 3192 fueraut,
887 3119 969 3197 juxta
985 3120 1128 3181 tumulum

67 3245 80 3268 ιι
100 3217 191 3274 sancti
205 3213 339 3275 Medardi
353 3216 497 3293 jacerent,
512 3226 590 3272 tauta
604 3213 752 3294 signorum
766 3236 800 3274 ac
814 3213 1010 3296 prodigiorum
1027 3216 1129 3276 multi-s

66 3338 80 3363 ι
100 3309 171 3369 tudo
185 3309 303 3380 claruit,
317 3320 396 3366 tauta
411 3310 548 3367 virtutum
570 3307 614 3367 vis
633 3308 664 3366 iu
678 3309 758 3368 omni
780 3330 886 3391 genere
908 3312 1065 3371 sanitatum
1079 3333 1131 3393 per

68 3436 82 3458 ιι
100 3405 229 3473 divinam
244 3405 364 3486 gratiam
376 3405 407 3462 iu
418 3403 535 3461 nomine
549 3402 678 3481 ejusdem
690 3403 848 3464 beatissimi
863 3407 996 3488 martyris
1013 3408 1129 3483 enituit,

68 3531 81 3553 ι
102 3513 135 3559 ut
149 3523 165 3559 a
179 3500 259 3559 nullo
270 3498 433 3557 mortalium
444 3498 609 3559 eorumdem
622 3499 826 3560 miraculorum
839 3515 889 3560 aut
900 3523 1036 3562 numerus
1051 3524 1131 3563 com·

69 3625 83 3649 ιι
101 3594 260 3675 prehendi,
274 3607 324 3653 aut
340 3595 459 3653 varietas
469 3594 567 3652 verbis
582 3593 676 3653 valcat
689 3595 836 3675 explicari.
855 3594 986 3670 Quorum
999 3598 1138 3677 quadam

69 3721 83 3746 ι
101 3693 173 3750 tanti
197 3691 318 3770 stuporis
344 3711 404 3748 esse
425 3703 578 3749 narramur
604 3702 635 3748 ut
659 3689 791 3749 humanae
816 3690 1019 3751 imbecillitatis
1043 3692 1130 3761 iidem

107 3949 152 4023 (r)
174 3946 253 4006 Cette
266 3947 383 4007 histoire
394 3961 436 4006 est
447 3947 598 4028 imprimes
611 3946 684 4007 dans
695 3948 737 4008 les
752 3946 959 4020 Bollandistcs,
973 3949 1052 4006 Acta
1064 3948 1129 4011 SS

65 4043 220 4117 donatarii,
239 4056 309 4103 tom.
325 4042 366 4102 lI.

109 4143 152 4213 (a)
175 4137 331 4219 Comparez
343 4140 370 4196 le
385 4151 461 4198 texte
475 4141 567 4198 meme
583 4125 773 4220 d'llginhard,
790 4138 861 4197 dans
875 4139 918 4198 les
934 4139 1076 4211 Annales,
1092 4142 1130 4213 fin

66 4235 104 4291 ‹le
117 4233 208 4292 l’ann.
226 4234 288 4292 826
301 4278 308 4305 ,
323 4246 393 4293 tom.
408 4231 440 4292 ll
451 4276 459 4305 ,
471 4254 502 4312 p.
519 4233 589 4294 386.

194 4366 218 4410 l.
964 4369 984 4421 ,θ
1109 4394 1114 4401 -
