3000 5272
650 430 837 495 KAROLUS.

626 623 885 741 occtxxtu.

263 782 440 854 Adrianus
461 809 549 881 papa
570 808 653 853 cum
676 783 904 856 insolentiam
930 783 1102 856 Desiderii
1125 786 1219 885 regis
1241 805 1276 860 et

212 896 531 998 Langobardorum
542 898 810 996 oppressionem
821 896 914 970 ferre
924 924 997 972 non
1008 915 1140 998 posset,
1152 900 1276 976 decre·

210 1016 265 1087 vit
297 1029 339 1086 ut
368 1012 583 1114 legationem
615 1012 659 1084 ad
690 1013 865 1086 Karolum
898 1040 1018 1117 regem
1050 1016 1273 1099 Francorum

211 1132 393 1222 mitteret,
415 1156 570 1237 eumque
593 1127 660 1203 sibi
686 1144 792 1231 atque
808 1131 976 1213 Romanis
994 1130 1161 1215 adversus
1178 1140 1274 1213 Lan-

211 1247 389 1349 gobardos
415 1274 521 1349 opem
540 1247 636 1320 ferre
657 1264 800 1349 rogaret
817 1249 884 1347 (ι).
906 1251 951 1329 Et
968 1249 1050 1350 quia
1076 1249 1113 1333 id
1131 1264 1276 1335 terreno

213 1365 343 1439 itinere
357 1390 423 1464 per
443 1363 582 1442 ltaliam
607 1361 684 1435 fieri
704 1388 780 1435 non
797 1377 960 1459 poterat,
978 1389 1061 1437 eum
1076 1389 1188 1476 quem
1205 1367 1276 1438 mi·

212 1500 306 1559 serat
332 1483 509 1583 legatum,
532 1480 681 1555 nomine
705 1480 872 1571 Petrum,
890 1482 1017 1555 Romae
1035 1507 1164 1555 navem
1187 1509 1277 1559 mn·

209 1598 381 1681 scendere
398 1613 435 1671 et
452 1594 648 1671 Massiliam
666 1619 777 1693 usque
793 1620 859 1688 per
872 1621 970 1668 mare
988 1595 1053 1685 ire,
1072 1609 1184 1697 atque
1198 1597 1278 1673 inde

214 1728 360 1787 terreno
374 1712 503 1791 itinere
517 1710 554 1781 in
573 1708 759 1789 Franciam
773 1706 861 1780 fecit
875 1709 1077 1811 pervenire.
1097 1710 1171 1813 Qui
1197 1739 1278 1795 cum

211 1829 256 1903 ad
271 1855 392 1931 regem
405 1827 441 1899 in
459 1823 657 1903 Theodone
673 1824 757 1896 villa
770 1826 838 1924 (a),
855 1822 916 1899 uhi
938 1841 1025 1898 tunc
1042 1824 1276 1919 hiemaverat,

211 1943 450 2042 pervenisset,
475 1940 565 2014 etei
593 1933 781 2039 legationis
808 1965 880 2010 suae
907 1966 1045 2013 causam
1061 1945 1277 2042 aperuisset,

211 2057 333 2143 eadem
343 2112 354 2147 ,
366 2083 436 2159 qua
452 2070 619 2143 venerat,
635 2054 690 2126 via
703 2055 855 2127 Romam
869 2081 1046 2155 regressus
1059 2059 1112 2154 (3)
1123 2077 1191 2133 est.
1205 2060 1278 2136 Rex

211 2200 299 2249 vero
314 2172 444 2262 rebus,
463 2198 546 2275 quae
564 2172 659 2244 inter
678 2171 860 2246 Romanos
883 2196 924 2244 ac
944 2172 1203 2273 Langobardos
1216 2203 1278 2278 ge·

212 2288 386 2364 1ebantur
397 2343 408 2378 ,
444 2286 608 2387 diligenti
642 2310 728 2357 cura
759 2287 1008 2385 pertractatis,
1038 2285 1179 2365 bellum
1211 2288 1277 2364 sibi

214 2422 341 2481 contra
351 2402 605 2506 Langobardos
616 2400 900 2503 prodelensione
913 2404 1166 2479 Romanorum
1174 2406 1280 2480 susci-

211 2523 385 2624 piendum
414 2537 534 2614 ratus,
558 2546 641 2592 cum
671 2534 751 2593 toto
777 2520 1000 2593 Francorum
1026 2522 1191 2596 exercitu
1206 2523 1280 2598 Ge-

212 2667 322 2713 nuam
340 2641 411 2741 (4),
430 2636 650 2738 Burgundiae
668 2636 867 2724 civitatem,
882 2638 985 2736 juxta
1003 2635 1223 2713 Rhodanum
1237 2640 1279 2713 si·

214 2771 288 2828 tam
309 2756 422 2829 venit.
457 2752 584 2853 Ibique
606 2752 651 2827 de
675 2751 772 2825 bello
800 2751 1026 2853 suscipiendo
1051 2751 1278 2849 deliberans,

214 2872 333 2971 copias
356 2896 443 2971 quas
459 2894 580 2942 secum
593 2865 789 2940 adduxerat
800 2867 940 2957 divisit,
960 2886 997 2942 et
1013 2895 1124 2942 unam
1141 2889 1280 2972 partem

212 3013 295 3060 cum
307 2983 517 3065 Bernhardo
529 3000 660 3083 patruo
667 3009 733 3058 suo
741 3010 807 3085 per
819 3001 982 3059 montem
994 2987 1093 3062 lovis
1103 2988 1277 3089 irejussit3

212 3103 362 3176 alteram
392 3101 466 3199 ipse
493 3100 648 3189 ducens,
669 3125 734 3199 per
753 3115 915 3175 montem
941 3101 1118 3177 cinisium
1143 3104 1277 3179 ltaliam

213 3219 349 3291 intrare
365 3215 565 3292 contendit.
583 3216 830 3317 superatoque
847 3218 995 3319 Alpium
1005 3222 1114 3320 jugo,
1131 3221 1276 3305 Deside-

213 3335 310 3405 rium
321 3360 441 3434 regem
457 3332 589 3407 frustra
607 3329 674 3404 sibi
688 3334 852 3407 resistere
875 3351 1068 3411 conantem
1081 3337 1173 3413 eiua
1188 3366 1275 3414 oon·

210 3451 428 3551 gressionem
443 3451 500 3548 (5)
512 3450 666 3549 fugavit,
684 3451 892 3551 Ticenoque
905 3452 961 3551 (6)
982 3454 1163 3528 inclusum
1181 3457 1273 3532 obse

247 3663 288 3731 (ι)
306 3661 340 3714 D.
357 3661 444 3733 Bouq.
459 3659 579 3713 decrevit
596 3661 762 3733 legationem
773 3663 814 3716 ad
828 3663 864 3716 K.
880 3683 901 3715 r.
923 3662 954 3716 F.
978 3666 1096 3731 mittere,
1118 3685 1237 3742 eumque
1248 3677 1271 3722 ut

211 3750 360 3822 sitiatque
372 3749 407 3802 R.
421 3767 448 3802 a.
462 3748 497 3801 L.
509 3768 534 3802 o.
540 3747 638 3820 ferret
651 3768 759 3822 rugare.

245 3840 286 3909 (a)
304 3838 338 3891 D.
350 3837 437 3909 Bouq.
456 3835 706 3891 theodonisvilla.

247 3923 287 3997 (5)
304 3923 374 3980 Cod.
389 3922 550 3982 Vindobon.
562 3941 631 3996 990:
647 3943 776 3978 reversus
790 3933 840 3977 est.

246 4016 286 4084 (4)
303 4012 338 4066 Ι).
353 4011 440 4084 Bouq.
458 4010 618 4064 Gebennam
627 4037 635 4074 ,·
645 4011 707 4065 cod.
722 4011 830 4065 Trevir-
849 4012 993 4067 Genauam
1005 4016 1153 4070 civitutem.

245 4100 286 4172 (5)
303 4101 338 4155 D.
353 4101 441 4173 Bouq.
455 4102 685 4171 congressionem.

247 4192 285 4260 (6)
304 4192 357 4246 All.
378 4193 487 4257 Ticino,
506 4191 621 4243 Ticinio.
