3000 5272
220 388 260 450 24
471 385 563 447 vm
586 385 732 444 KAROLI
754 384 1026 446 IMPERATORIS.

218 518 379 618 polluere
410 517 465 590 vel
499 515 697 616 transgredi
733 513 963 589 inhonestum
995 511 1278 588 arbitrabantur.

219 633 398 708 Suberant
410 649 446 708 et
459 659 571 706 causae
581 658 663 733 qnae
674 632 836 732 quotidie
849 659 971 732 pacem
985 629 1204 706 conturbare
1213 655 1282 731 po-

217 767 355 842 terant,
383 751 529 826 termini
549 750 715 824 videlicet
732 752 847 824 nostri
871 751 926 849 (ι)
950 766 986 824 et
1006 750 1153 823 illorum
1175 775 1281 849 paenc

215 869 351 971 ubique
368 872 405 943 in
422 869 532 970 plano
549 868 731 968 contigui,
747 884 880 967 praeter
891 894 1001 966 panca
1018 867 1113 955 loca,
1131 867 1170 939 in
1193 866 1281 966 qni-

214 985 281 1059 bus
306 986 363 1059 vel
387 984 485 1058 silvae
509 989 677 1084 majores,
699 984 754 1057 vel
777 985 958 1058 montium
980 987 1065 1085 juga
1091 985 1280 1082 interjecta

213 1119 455 1204 utrorumque
475 1127 578 1202 agros
596 1116 696 1178 certo
709 1101 825 1175 limite
837 1100 1110 1188 disterminant,
1136 1101 1173 1173 in
1193 1101 1280 1200 qui-

213 1218 279 1292 bus
293 1220 406 1294 caedes
423 1235 458 1293 et
471 1220 607 1318 rapinae
624 1233 661 1291 et
672 1218 730 1316 (2)
748 1218 910 1292 incendio
926 1218 1082 1290 vicissim
1100 1215 1280 1316 fierissnon

212 1332 410 1422 cessabant3
438 1334 570 1434 quibus
589 1332 677 1406 adeo
699 1333 827 1405 Franci
852 1349 937 1405 sunt
959 1332 1109 1420 irritati,
1136 1347 1179 1404 ut
1202 1357 1280 1406 non

208 1455 283 1550 jam
297 1450 579 1524 vicissitudinem
591 1452 644 1548 (ὅ)
655 1449 818 1543 reddere,
831 1451 891 1525 sed
904 1465 1070 1550 apertum
1082 1464 1212 1524 contra
1224 1450 1278 1550 (4)

212 1593 272 1641 eos
297 1566 431 1641 bellum
454 1567 632 1665 suscipere
656 1566 806 1666 dignum
827 1566 1043 1665 judicarent.
1066 1568 1280 1666 susceptum

211 1699 265 1758 est
280 1685 390 1784 igitur
402 1684 458 1784 (5)
476 1682 641 1757 adversus
656 1683 712 1780 (6)
729 1709 790 1757 eos
802 1682 957 1771 bellum,
970 1682 1069 1785 quod
1081 1709 1209 1784 magna
1223 1685 1278 1783 (7)

211 1800 395 1901 utrimque
413 1800 657 1888 animositate,
674 1814 793 1874 tamen
814 1803 948 1899 majore
970 1799 1154 1874 Saxonum
1169 1826 1279 1902 quam

211 1918 435 1990 Francorum
456 1917 614 2016 dampno
634 1919 708 2015 (8),
732 1944 798 2016 per
818 1918 1010 1993 continuos
1035 1917 1184 2017 triginta
1208 1933 1279 1992 tres

212 2057 327 2105 annos
354 2029 557 2130 gerebatur.
587 2033 732 2105 Poterat
758 2032 933 2133 siquidem
961 2031 1067 2104 citius
1096 2030 1219 2121 finiri,
1250 2033 1278 2105 si

213 2148 397 2222 Saxonum
418 2147 488 2222 hoc
513 2148 661 2249 perfidia
685 2165 881 2248 pateretur.
907 2149 1058 2223 Difficile
1080 2149 1181 2223 dictu
1206 2166 1277 2239 est,

213 2267 353 2366 quoties
361 2267 420 2365 (9)
431 2267 585 2365 superati
594 2293 635 2338 ac
646 2266 821 2366 supplices
831 2267 905 2366 regi
916 2293 952 2340 se
961 2265 1195 2354 dediderunt,
1209 2267 1280 2338 im-

212 2397 334 2482 perata
349 2382 507 2457 facturos
519 2383 671 2482 polliciti
685 2398 789 2470 sunt,
810 2382 950 2458 obsides
965 2385 1028 2484 qui
1050 2382 1281 2483 imperaban-

216 2517 276 2572 tur
284 2499 419 2601 absque
429 2499 604 2575 dilatione
612 2499 803 2588 dederunt,
819 2499 952 2601 legatos
964 2501 1026 2600 qni
1040 2499 1281 2575 mittebantur

215 2632 459 2718 susceperunt,
475 2617 663 2718 aliquoties
677 2618 724 2688 ita
738 2615 867 2691 domiti
882 2633 918 2690 et
931 2616 1101 2706 emolliti,
1117 2632 1160 2689 ut
1173 2618 1280 2691 etiem

214 2731 354 2803 cultum
371 2731 578 2810 daemonum
594 2731 776 2805 dimittere
794 2748 831 2806 et
846 2731 1050 2805 christianae
1065 2732 1233 2833 religioni
1245 2758 1280 2807 se

249 3101 288 3172 (ι)
305 3098 376 3155 Cod.
393 3097 462 3172 Reg.
477 3099 564 3154 Paris.
578 3096 649 3175 5927
663 3123 668 3152 τ
684 3099 814 3155 uidelicet
826 3099 1008 3157 ancorm

249 3190 289 3259 (a)
306 3189 360 3255 Et,
374 3187 479 3245 habent
490 3188 525 3243 D.
540 3188 629 3262 Bonq.
646 3198 676 3243 et
690 3188 749 3244 lere
761 3207 857 3246 omnes
868 3189 950 3246 codd.
960 3191 1203 3258 Perniunutem,
1217 3207 1282 3246 cun

215 3287 391 3332 nnotantum
404 3276 465 3332 cod.
481 3275 643 3332 Vindobcn.
656 3275 719 3353 667,
734 3280 792 3333 vel.
807 3279 875 3350 Quo
884 3297 948 3348 vox,
962 3278 1097 3348 addicit,
1111 3299 1128 3334 a
1139 3279 1281 3355 scriptori-

215 3367 267 3422 bus
278 3367 364 3438 hujus
374 3367 421 3422 aevi
434 3367 531 3422 eadem
544 3367 745 3440 significatione
757 3387 813 3443 qua
825 3379 853 3424 et
865 3381 1026 3443 usurpatur.

250 3455 290 3529 (5)
307 3459 430 3513 Nuenar.
443 3459 535 3527 Com,
555 3477 620 3514 cum
636 3457 721 3514 codd.
742 3458 950 3530 Gemblacensi,
965 3459 1105 3517 Bodleian.
1119 3470 1150 3516 et
1165 3458 1281 3535 Lugdu-

215 3566 312 3605 nensr:
327 3567 413 3603 uices.

250 3638 291 3707 (l)
308 3635 378 3692 Cod.
395 3636 465 3710 Reg.
481 3635 568 3692 Paris.
584 3636 653 3704 4628
668 3662 673 3691 :
688 3637 833 3693 adversus.

249 3727 288 3799 (5)
306 3727 377 3784 Cod.
390 3727 461 3801 Reg.
473 3727 559 3782 Paris.
572 3725 642 3803 5927
657 3752 662 3781 :
680 3747 755 3801 ergo.

249 3817 288 3888 (6)
306 3816 376 3873 Cod.
392 3817 462 3889 Reg.
476 3817 563 3872 Paris.
575 3817 664 3893 5927:
679 3828 787 3874 contra.

249 3907 288 3981 (7)
306 3905 378 3961 Cod.
392 3905 494 3979 Regin.
511 3905 646 3960 Christin.
660 3906 712 3981 692
729 3931 735 3962 :
753 3911 888 3963 maxima.

251 3996 289 4066 (8)
307 3997 349 4051 ln
361 3996 446 4051 habet
459 3997 556 4064 Pertz,
568 4015 632 4050 cum
644 3996 758 4072 plerisq.
772 3996 854 4053 codd.
864 4026 901 4040 -
909 3996 1032 4053 Nnenar.
1043 4013 1136 4051 comes
1148 4005 1178 4051 et
1191 3996 1279 4070 lllanq.

218 4084 364 4152 Freherus,
379 4103 443 4139 cum
456 4083 537 4138 codd.
551 4085 712 4141 Florentino
725 4096 755 4141 et
766 4085 927 4143 Vindobon.
938 4084 992 4152 ott
1007 4108 1012 4138 ε
1028 4084 1140 4140 daneon.

252 4173 290 4244 (9)
309 4173 370 4228 Non
384 4172 453 4227 nulli
466 4171 546 4227 codd.
561 4177 702 4244 quotiens,
715 4205 750 4217 -
759 4173 898 4231 dederim!
903 4217 911 4244 ,
920 4183 992 4229 -et
1004 4172 1076 4229 infra
1081 4215 1089 4242 ,
1104 4172 1279 4244 abonoticns.
