3000 5272
482 431 721 497 rmrraoma
742 431 796 511 na
817 426 1031 493 anniano.
1255 455 1291 491 ι,

238 669 312 722 xvi.
332 669 380 721 rx
397 665 571 721 msroms
588 635 886 720 rmssns‘rmms
903 664 1107 719 saneunus
1124 663 1269 718 pennu.

363 783 441 834 Anno
450 784 499 850 925
512 782 627 854 Argiam
639 781 747 850 perlati,
761 781 850 832 oecnlo
864 780 969 837 docimo,
979 780 1014 831 ab
1024 778 1151 848 Aegiensi

608 859 737 912 monacho
748 859 846 929 scripta
859 859 902 927 (ι).

259 1005 344 1065 Circa
355 1026 424 1064 ann.
437 1005 507 1067 800.
521 1037 561 1053 -
572 1005 599 1071 l,
613 1005 754 1086 Tempore
769 1003 873 1064 Karoli
886 1002 1082 1085 gloriosissimi
1098 1002 1290 1082 imperatoris,

217 1104 298 1161 bran
322 1100 441 1180 quidam
464 1102 602 1174 nominc,
617 1100 767 1182 prmiectns
783 1099 865 1160 orbis
883 1098 1086 1171 Hierusalem,
1108 1095 1230 1157 audiens
1254 1097 1292 1158 de

217 1195 374 1256 virtutibus
388 1180 544 1277 multisque
556 1195 703 1257 miraculis
714 1207 743 1255 et
757 1193 1029 1275 incomparabilibus
1044 1191 1174 1273 ejusdem
1190 1190 1292 1266 ¹Karoli

217 1292 346 1373 preliis,
364 1293 474 1372 ingenti
486 1291 574 1371 coepit
586 1289 728 1351 desiderio
739 1291 862 1350 coartari
873 1333 882 1363 ,
893 1311 950 1370 qua
964 1289 1115 1358 occasione
1125 1288 1189 1357 beri
1202 1288 1294 1368 possit

217 1401 251 1446 ut
266 1386 341 1446 tanti
356 1386 409 1444 viri
423 1385 525 1449 faciem
535 1398 632 1466 presto
643 1407 760 1444 cernere
774 1388 894 1466 ejusque
904 1381 1066 1454 delectabili
1081 1383 1168 1441 affatu
1183 1381 1293 1462 perfrui

218 1495 328 1542 etcum
343 1502 378 1541 eo
395 1479 486 1541 loedus
501 1482 633 1541 amicitiae
648 1502 820 1562 componere
834 1480 939 1573 ιψαι.
952 1477 1051 1540 Missis
1061 1479 1158 1558 itaque
1170 1475 1292 1536 Romam

218 1575 335 1659 legatis,
353 1574 444 1635 Leoni
454 1578 517 1636 viro
531 1575 686 1656 apostolico
698 1596 781 1636 snum
794 1573 930 1656 patefecit
941 1572 1116 1635 desiderium
1129 1615 1138 1644 ,
1150 1572 1293 1653 simulque

219 1671 363 1750 postulat,
376 1682 518 1751 quatenus
531 1692 584 1751 per
597 1671 689 1750 ipsius
700 1673 832 1731 ellectum
846 1681 944 1750 optata
958 1668 1100 1750 principis
1110 1667 1221 1727 visione
1232 1687 1294 1738 sese

219 1767 357 1825 laetificari
370 1767 531 1846 contingat,
546 1767 716 1846 promittens
731 1765 897 1846 imperatori
912 1765 955 1837 si,
970 1762 1086 1824 colente
1099 1763 1178 1840 Deo,
1194 1761 1295 1830 ambos

219 1864 376 1922 convenire
384 1861 480 1934 detur,
490 1874 519 1920 et
527 1863 588 1942 ipse
598 1860 780 1931 dulcissimos
789 1860 867 1933 illius
878 1860 975 1921 multus
984 1857 1173 1937 contemplari
1184 1879 1294 1917 merea-

219 1969 279 2028 tur,
291 1955 457 2015 thesaurum
468 1956 724 2037 incomparabilem
735 1976 796 2015 sese
805 1955 850 2014 illi
859 1954 1022 2014 oblaturum
1032 1967 1059 2013 et
1070 1954 1111 2012 ita
1119 1952 1292 2032 preciosum,

219 2065 253 2112 ut
261 2074 316 2112 nec
327 2055 389 2132 ipse
400 2074 453 2112 nee
464 2065 658 2112 antecessores
667 2055 730 2131 ejus
739 2053 797 2123 tale
804 2051 874 2132 quid
886 2071 1015 2129 nuquam
1027 2048 1178 2128 adquirere
1187 2049 1295 2128 potuis-

218 2160 284 2207 sent
307 2147 391 2206 etde
410 2148 609 2207 transmarinis
629 2148 761 2228 partibus
784 2146 856 2217 nibil
872 2145 967 2210 simile
982 2147 1012 2209 in
1038 2145 1214 2211 Francorum
1234 2143 1295 2212 ati-‚-

219 2242 339 2322 quando
365 2244 437 2301 lines
460 2241 634 2305 devenisset.
654 2242 791 2303 Praesatus
811 2263 880 2324 ergo
896 2239 1027 2322 pontiiex
1047 2241 1106 2315 suis
1128 2240 1236 2299 nuntiis
1256 2239 1296 2313 ad

220 2339 404 2419 Aquasgrani
428 2339 533 2418 palacii
558 2337 690 2399 festinato
715 2337 849 2410 directis,
870 2336 922 2396 ubi
941 2358 975 2397 eo
997 2347 1128 2414 tempore
1149 2335 1295 2415 Angustus

220 2447 414 2494 commoratus
429 2447 484 2507 est,
496 2433 625 2515 praedicti
636 2436 714 2493 Azan
725 2432 851 2514 prefecti
861 2432 942 2493 urbis
953 2432 1130 2491 missaticum
1142 2429 1254 2497 retulit,
1266 2443 1297 2489 et

220 2545 254 2589 nt
269 2532 332 2610 ipse
352 2530 573 2610 postulationem
588 2529 666 2590 illius
685 2530 802 2611 explere
817 2529 997 2612 dignaretur,
1015 2527 1221 2586 instantissime
1240 2524 1296 2584 de-

219 2639 356 2706 precatus
370 2639 422 2686 est.
441 2631 586 2708 Augsmtus
599 2648 668 2686 vcro
680 2623 859 2704 hujusmodi
872 2624 1043 2706 legationem
1057 2621 1293 2704 parvipendens,

220 2743 274 2801 pro
285 2720 380 2780 nihilo
392 2720 493 2780 babuit
504 2733 532 2780 et
543 2721 659 2781 obviarn
669 2725 747 2780 Azan
758 2720 901 2807 proficisci
913 2719 1050 2800 neglexit.
1061 2718 1187 2777 Antistes
1199 2730 1294 2774 autem

220 2817 402 2894 comperiens
413 2828 539 2895 spretam
551 2816 588 2875 ab
596 2819 725 2902 Augusto
734 2816 902 2899 petitionem
915 2813 1044 2902 ejusdcm
1055 2817 1147 2890 Azan,
1157 2811 1294 2886 indoluit,

220 2924 249 2970 et
264 2910 330 2969 aliis
348 2911 452 2969 iterum
466 2912 560 2990 missis
573 2909 612 2992 ad
631 2913 726 2992 ipsum
742 2910 913 2991 destinatis,
934 2909 1004 2988 talia
1021 2907 1110 2988 lemur
1127 2909 1155 2967 ei
1173 2907 1297 2967 deman-

220 3007 324 3066 dasse:
343 3030 359 3065 ι(
376 3007 404 3066 Si
420 3020 469 3079 tn,
487 3008 640 3088 inquiens,
654 3009 716 3089 ipsc
732 3026 807 3066 esses
817 3050 825 3078 ,
836 3026 923 3086 quern
937 3016 965 3064 te
977 3026 1037 3064 esse
1052 3017 1128 3064 totus
1141 3005 1296 3069 arbitratur

222 3127 237 3160 o
255 3100 401 3174 mundus,
413 3115 441 3161 et
452 3103 620 3180 universum
630 3121 683 3183 per
693 3101 793 3162 orbem
805 3100 1010 3180 celeberrimus
1019 3099 1175 3162 diffamaris
1185 3144 1193 3174 ,
1205 3101 1294 3159 vitam

222 3223 239 3255 n
257 3210 355 3267 tuam,
367 3197 392 3255 si
407 3198 445 3256 ita
459 3218 504 3255 res
518 3198 647 3286 exigeret
656 3240 665 3270 ,
675 3197 807 3288 periculo
817 3195 886 3274 darc
899 3209 926 3255 et
938 3195 1045 3277 pedum
1057 3209 1171 3275 tuorum
1182 3198 1296 3255 incessu

223 3316 238 3347 ιι
257 3304 322 3370 post
344 3291 438 3371 ipsum
455 3313 508 3371 pro
527 3291 683 3372 adeptione
697 3304 756 3354 tam
777 3293 925 3374 magnifici
937 3291 1064 3351 thesauri
1078 3291 1226 3354 ambulare
1243 3292 1297 3352 de-

223 3408 238 3440 n
257 3384 371 3444 bueras.
391 3406 407 3442 a
421 3417 463 3432 -
476 3384 532 3444 His
552 3385 670 3446 tandem
692 3387 873 3446 sermonibus
887 3387 1045 3468 sceptriger
1064 3386 1178 3446 coelitus
1198 3387 1297 3445 animo

222 3492 394 3551 commotus,
405 3479 589 3560 cornipedem
599 3480 730 3541 celeriter
737 3479 946 3558 conscendens,
957 3479 1078 3539 llomam
1088 3478 1232 3560 proiectus
1240 3491 1293 3538 est.

265 3575 308 3632 ll.
334 3575 500 3634 Praelibatus
513 3597 628 3656 quoque
641 3577 737 3648 Azan,
751 3575 831 3634 urbis
845 3573 1012 3655 prefectus,
1027 3572 1063 3634 de
1075 3575 1192 3634 civitate
1202 3573 1297 3632 Davi-

224 3671 299 3741 tica,
319 3669 357 3729 od
373 3670 582 3729 occursandum
598 3671 727 3751 Augusto
740 3670 794 3729 iter
806 3670 947 3749 arripiens
962 3691 1117 3750 secumque
1129 3669 1295 3729 thesaurum

256 3910 290 3973 (ι)
303 3930 315 3955 ι
332 3908 518 3962 Narratioucrn
531 3927 585 3977 qno
598 3910 677 3962 modo
687 3910 761 3981 (Irus
772 3910 897 3977 sanguine
906 3909 1016 3961 Domini
1028 3910 1127 3975 repleta
1140 3911 1254 3977 Augiam
1269 3928 1294 3962 a.

223 3987 281 4053 92⁵·
291 3989 326 4038 alt
338 3986 448 4052 perlata,
458 3986 546 4038 medio
562 3998 591 4039 ut
603 3987 710 4039 videtur
721 4006 771 4040 sec.
784 4006 801 4038 x
814 3988 918 4052 scripsit
930 3989 1074 4040 monachus
1086 3988 1232 4056 Augiemis,
1249 3989 1296 4055 qni

225 4065 300 4115 initio
306 4062 414 4130 quidem
424 4064 644 4125 multafabulosa,
654 4076 741 4131 postea
750 4084 811 4116 vero
820 4066 987 4117 deHunsridi
998 4067 1103 4119 comitis
1112 4066 1214 4118 familia
1226 4077 1252 4118 et
1262 4067 1296 4122 do

226 4142 388 4193 monasteriis
396 4142 484 4194 seerrlo
492 4161 516 4193 ιι
528 4144 554 4192 in
566 4143 721 4196 Alamannia
730 4144 847 4212 fundatis
857 4144 934 4210 plura
946 4144 1029 4196 trudit
1039 4155 1130 4197 notatu
1141 4143 1231 4211 digna,
1241 4163 1296 4195 ser·

226 4240 308 4278 mone,
325 4220 369 4270 rui
390 4221 487 4272 multos
507 4221 586 4272 etiarn
605 4221 739 4272 intorserit
750 4238 855 4282 versus,
867 4238 928 4271 usus
942 4221 1061 4274 cultiori.
1073 4240 1086 4269 a
1096 4221 1182 4287 Parta,
1200 4221 1295 4273 Μοηιι-

225 4314 307 4351 memo
321 4300 444 4352 German.
459 4298 635 4365 Scriptorum,
649 4311 712 4352 tom.
723 4299 770 4362 lv,
785 4316 842 4367 pag.
855 4299 911 4366 447.
