3000 5272
209 430 268 490 332
606 426 887 488 HLUDOWICUS.

631 617 859 692 DCCCXlX.

259 781 454 870 sclaomir,
484 779 748 856 Abodritorum
770 807 834 856 rex
845 834 857 870 ,
887 778 938 855 ob
963 781 1064 879 cujus
1093 776 1272 880 perfidiam

210 898 451 974 ulciscendam
469 899 645 973 exercitus
663 899 848 974 Saxonum
865 912 902 974 et
920 896 1155 995 orientalium
1172 896 1274 971 Fau

210 1042 339 1090 corum
361 1015 488 1089 eodem
510 1041 608 1090 anuo
630 1031 729 1089 trans
749 1014 873 1089 Albim
895 1016 1023 1089 missus
1046 1014 1195 1103 luent,
1217 1040 1276 1115 per

210 1133 401 1232 praefectos
421 1135 588 1208 Saxonici
609 1134 735 1207 limitis
755 1150 792 1209 et
815 1133 948 1234 legatos
967 1130 1201 1232 imperauit·
1219 1132 1275 1233 qui

212 1250 385 1324 exercitui
402 1265 605 1349 praeerant,
627 1249 848 1352 Aquasgrani
874 1249 1049 1325 adductus
1074 1264 1144 1325 est.
1167 1246 1276 1343 (ξω

212 1394 296 1440 cum
316 1368 495 1468 primores
511 1367 638 1468 populi
662 1368 738 1461 sui,
761 1369 824 1469 qui
849 1367 957 1440 simul
972 1367 1060 1468 jussi
1085 1381 1275 1454 uenerunt,

212 1483 336 1556 multis
349 1483 564 1557 criminibus
576 1498 803 1578 accusarent,
817 1498 854 1559 et
870 1482 932 1557 ille
941 1478 1155 1557 mtiouabili
1167 1478 1278 1555 does

213 1602 314 1677 sione
337 1600 476 1701 obJ‘ecta
503 1599 570 1674 sibi
595 1601 758 1676 refellere
781 1626 858 1675 uon
878 1600 1035 1690 valeret,
1061 1597 1177 1675 exilio
1200 1622 1278 1674 oon·

213 1717 402 1791 demnatus
417 1732 490 1810 est,
513 1733 549 1791 et
566 1741 718 1817 reguum
732 1715 862 1790 Ceadra
983 1713 1175 1789 hacconis
1190 1710 1278 1799 lilio,

213 1833 350 1907 datum.
375 1834 491 1906 Simili
512 1833 623 1908 modo
644 1848 682 1906 et
703 1835 823 1932 Lupus
844 1833 917 1907 Ceu
975 1830 1024 1919 li,
1042 1832 1206 1921 wasco,
1224 1829 1279 1933 qui

214 1975 298 2024 cum
324 1952 540 2052 Berengario
560 1950 703 2025 Tolosae
727 1965 765 2024 et
786 1951 944 2024 Warino
965 1949 1125 2023 Armi
1154 1948 1279 2024 comite

215 2065 341 2140 eodem
358 2092 455 2141 auno
477 2064 605 2165 praelio
622 2064 807 2154 conflixit,
829 2066 867 2138 iu
885 2089 961 2166 quo
977 2078 1015 2138 et
1028 2061 1280 2139 fanar·

215 2184 368 2256 eandum
379 2183 432 2281 (1)
443 2182 631 2283 singularis
647 2182 813 2256 amentiae
831 2178 1017 2256 bominem
1026 2179 1154 2253 amisit
1166 2178 1237 2279 (2),
1249 2190 1279 2252 cl

216 2303 311 2401 ipse,
329 2300 399 2374 uisi
416 2297 484 2373 sibi
503 2296 674 2400 fugiendo
690 2299 944 2388 consuluisset,
962 2320 1080 2397 prope
1096 2295 1279 2371 interitum

214 2415 305 2506 fuit,
330 2443 414 2491 cum
434 2419 471 2491 in
495 2433 728 2517 conspectum
746 2415 971 2517 impetatoris
989 2415 1169 2505 venisset,
1187 2438 1231 2489 ac
1242 2410 1279 2487 de

215 2534 385 2633 perfidia,
416 2538 518 2635 cujus
544 2563 563 2607 u
591 2535 799 2610 memoratis
826 2530 1022 2609 comitibus
1049 2531 1215 2607 immune
1230 2524 1278 2630 (l)

216 2650 461 2740 accusabatur,
478 2678 514 2726 sc
530 2678 683 2754 purgare
701 2678 777 2727 non
795 2651 987 2751 potuisset,
1001 2648 1131 2750 etipse
1148 2664 1279 2750 tempo

218 2768 282 2840 rali
303 2768 411 2843 exilio
428 2784 482 2843 est
497 2769 704 2869 deportatus
722 2773 786 2869 (4)

267 2884 476 2960 Conventus
503 2886 716 2987 Aquisgrani
747 2901 829 2987 post
855 2884 1024 2960 Natalem
1047 2882 1201 2961 Domini
1223 2880 1281 2956 ba·

219 2999 340 3089 bitus,
373 2999 410 3072 in
443 3026 517 3101 quo
546 3001 659 3072 multa
688 3001 734 3075 de
762 3017 858 3075 statu
885 3000 1116 3075 ecclesiarum
1139 3014 1182 3074 et
1205 3020 1280 3071 mo-

220 3118 461 3191 nasteriorum
493 3132 641 3190 tractata
671 3133 779 3218 atque
811 3117 975 3193 omlinata
1005 3128 1118 3205 suut,
1151 3112 1279 3216 legibus

220 3236 328 3309 etiam
353 3234 504 3334 capitula
527 3234 691 3336 quaedam
713 3233 994 3335 pernecessaria,
1016 3231 1104 3333 quia
1119 3230 1278 3316 deenut,

219 3353 421 3453 conscripta
434 3368 542 3454 atque
559 3353 676 3426 addita
690 3368 787 3426 sunt.
805 3353 887 3447 Quo
899 3366 1060 3452 pemcto,
1075 3350 1278 3449 imperator,

221 3471 388 3569 inspectis
426 3471 607 3571 plerisque
649 3469 830 3544 nobilium
863 3467 1026 3557 filiabus,
1066 3466 1201 3567 lluelpl
1230 3462 1280 3563 (5)

257 3776 296 3845 (ι)
313 3773 369 3829 All.
385 3774 602 3844 Garultundum,
622 3775 811 3831 (lethardum.

257 3865 296 3934 (a)
314 3863 350 3916 D.
364 3862 451 3936 Bouq.
463 3882 527 3917 cum
540 3864 631 3919 Nuen.
644 3865 780 3920 bominem
789 3861 920 3935 perdidit.

258 3951 299 4022 (3)
317 3953 444 4007 Immone
456 3952 533 4008 deest
544 3971 589 4026 ap.
606 3955 639 4008 D.
655 3955 743 4028 Bouq.
758 3985 790 3994 -
801 3952 957 4008 Freherus:
973 3952 1141 4004 immaniter.

258 4044 297 4113 (4)
315 4042 349 4096 Ι).
364 4043 450 4118 bouq.
465 4062 529 4098 cum
543 4045 633 4099 Nuen.
647 4046 765 4100 comite:
781 4044 864 4098 exilio
874 4041 1047 4112 deportatus.

259 4128 298 4200 (5)
318 4132 358 4184 lta
375 4130 443 4204 legit
457 4133 551 4200 Perta,
567 4151 630 4188 cum
644 4134 756 4207 plerisq.
771 4131 851 4187 codd.
867 4162 902 4173 -
917 4130 949 4183 l).
967 4130 1055 4204 Bouq.
1069 4137 1099 4183 et
1114 4126 1206 4182 Nueu.
1219 4139 1278 4178 com·

231 4219 329 4288 Welpe.
