3000 5272
210 404 271 464 390
598 397 882 459 HLUDOWICUS.

209 533 446 606 rundensium
473 531 588 631 agris,
614 529 780 630 villisque
805 530 978 616 incensis,
1006 529 1149 604 cunctis
1171 531 1278 606 etiam

211 675 295 749 quse
322 661 423 721 extra
450 644 556 720 urbes
582 650 769 720 invenerat
795 644 964 745 direptis,
993 672 1079 720 cum
1105 647 1277 724 incolumi

212 763 374 838 exercitu
391 763 694 863 Caesaraugustam
718 787 755 835 se
780 760 881 861 prius
905 761 1105 862 reciperet,
1129 784 1279 865 quamn

212 896 340 954 nostro
358 880 519 953 exercitu
534 879 589 952 vel
603 877 716 952 videri
732 878 920 977 potuisset.
939 879 1052 979 Hujus
1066 878 1179 954 cladis
1191 906 1279 980 pree·

213 998 307 1098 segia
323 994 456 1070 credita
474 1009 559 1068 sunt
575 995 660 1068 visae
674 994 860 1069 multoties
874 995 912 1068 in
930 994 1027 1070 coelo
1042 995 1156 1085 acies,
1175 1010 1215 1071 et
1226 995 1280 1070 ille

214 1111 388 1188 terribilis
414 1126 605 1185 nocturnae
632 1111 888 1185 coruscationis
914 1113 954 1185 in
979 1137 1061 1187 aere
1086 1112 1278 1187 discursu.

215 1232 417 1330 Imperator
438 1243 578 1315 autem,
605 1228 746 1302 duobus
772 1228 1010 1304 conventibus
1033 1227 1188 1319 habitis,
1212 1256 1282 1305 uuo

215 1345 310 1447 apud
334 1346 553 1446 Niumagum
576 1346 632 1444 (1)
653 1361 803 1446 propter
823 1346 926 1420 falsas
947 1345 1099 1422 Hohrici
1119 1350 1198 1448 (a),
1222 1347 1281 1422 lilii

216 1462 410 1538 Godofridi
429 1464 523 1562 regis
546 1463 751 1552 Bonorum,
774 1462 1073 1563 pollicitationes,
1098 1464 1237 1567 quibus
1251 1491 1283 1540 se

219 1580 284 1654 illo
297 1579 342 1652 ad
359 1580 585 1679 imperatoris
598 1581 827 1678 praesentiam
837 1596 1035 1655 venturum
1048 1583 1281 1682 promicent,

218 1698 333 1771 altero
350 1697 445 1796 apud
469 1696 754 1796 compendium,
781 1696 818 1770 in
843 1721 918 1798 quo
940 1713 977 1771 et
1001 1698 1174 1772 annualia
1197 1698 1283 1774 dom

220 1815 395 1913 suscepit,
416 1828 453 1885 et
475 1812 529 1884 his
545 1813 608 1913 qui
626 1812 670 1885 ad
688 1838 845 1885 marcam
870 1814 1100 1912 Hispanicum
1119 1813 1282 1889 mittendi

221 1946 343 2020 eram,
368 1929 457 2030 quid
482 1929 538 2004 vel
559 1929 716 2030 qualiter
737 1955 840 2029 agere
859 1928 1051 2018 deberent,
1075 1932 1283 2031 imperavit,

223 2051 298 2150 ipse
316 2050 412 2121 inter
427 2047 692 2146 compendium
708 2062 745 2121 et
761 2047 1000 2137 Curisiacum,
1026 2064 1232 2151 caeteraque
1249 2049 1286 2121 iis

222 2167 340 2239 vicina
357 2164 486 2263 palatia
503 2163 676 2264 usquead
694 2163 837 2239 hiberni
854 2166 1027 2266 temporis
1041 2166 1195 2240 initium
1206 2191 1286 2242 cou-

223 2299 382 2357 versatus
407 2298 472 2355 est.
501 2284 641 2355 lnterea
667 2308 767 2382 reges
791 2283 998 2375 Danorum,
1025 2284 1093 2359 filii
1123 2285 1285 2361 videlicet

226 2397 436 2487 Godofridi,
455 2395 693 2471 Hariholdum
710 2397 755 2471 de
771 2400 956 2473 consortio
969 2400 1071 2499 regni
1089 2401 1287 2500 ejiciente,

225 2515 549 2590 Nordmannorum
567 2513 701 2587 finibus
720 2515 889 2591 excedere
907 2517 1183 2618 compulerunt.
1205 2518 1291 2592 Bul·

226 2633 301 2732 gari
318 2657 464 2732 quoque
480 2632 622 2705 Sclavos
640 2633 677 2704 in
694 2634 878 2708 Pannonia
895 2634 1079 2723 sedentes,
1099 2637 1214 2712 misso
1232 2663 1292 2737 pes

227 2752 385 2822 Dravum
400 2749 515 2821 navali
533 2751 710 2837 exercitu,
730 2749 830 2824 ferro
843 2768 880 2824 et
894 2751 976 2852 igne
992 2767 1245 2841 vastaverunt,
1260 2767 1294 2828 et

228 2865 382 2964 expulsis
402 2890 530 2938 eorum
546 2863 717 2953 ducibus,
740 2866 944 2966 Bulgaricos
963 2893 1073 2968 super
1094 2894 1160 2945 eos
1177 2884 1294 2944 recto-

228 3008 285 3056 res
304 2981 586 3054 constituerunt.
608 2982 788 3082 Eugenius
806 3010 895 3083 papa
916 3010 1038 3059 mense
1057 3003 1216 3089 augusto
1234 2987 1295 3062 dc·

231 3098 355 3185 cessit,
376 3097 413 3167 in
435 3098 535 3193 cujus
555 3095 676 3168 locum
698 3097 913 3172 Valentinus
928 3099 1101 3176 diaconus
1119 3128 1141 3173 a
1164 3104 1296 3178 lloms-

229 3216 287 3288 nis
313 3228 350 3287 et
380 3212 512 3285 electus
541 3228 577 3284 et
605 3213 812 3303 ordinatus,
841 3216 901 3288 vix
926 3241 1041 3289 unum
1067 3242 1237 3295 mensem
1261 3220 1296 3292 in

229 3330 444 3432 pontificatu
458 3330 671 3428 complevit,
691 3358 766 3431 quo
779 3332 973 3423 defuncto,
988 3334 1193 3437 Gregorius
1205 3364 1296 3439 pres

230 3451 339 3552 byter
359 3449 454 3521 tituli
473 3450 586 3520 sancti
605 3451 715 3522 Marci
735 3451 887 3540 electus,
906 3453 966 3526 sed
987 3477 1066 3527 non
1081 3455 1189 3555 prius
1206 3455 1296 3531 otdi·

229 3583 417 3655 natusest,
436 3593 545 3667 quam
559 3566 693 3667 legatus
709 3570 936 3667 imperatoris
949 3572 1106 3646 Romam
1122 3574 1250 3663 venit,
1267 3588 1299 3648 et

230 3687 444 3760 electionem
464 3683 588 3783 populi
606 3684 721 3784 qualis
743 3702 832 3759 esset
848 3686 1066 3760 examinavit
1083 3686 1156 3786 (3)
1182 3689 1298 3791 legati

265 3915 304 3982 (ι)
323 3911 366 3966 ΑΙ.
380 3912 566 3982 Niumugam..
576 3912 609 3964 D.
624 3912 711 3988 Bouq.
726 3922 755 3968 ct
767 3913 890 3969 Nuenar.
909 3932 982 3969 com.
997 3913 1220 3991 Nostomagom.
1234 3917 1298 3976 Cod.

231 4001 394 4058 Vindobon.
408 4019 460 4073 99⁰
472 4025 478 4053 ι
493 4001 664 4072 Mogiogam.

266 4090 304 4158 (a)
322 4088 376 4143 All.
389 4088 496 4154 Hordei,
512 4089 634 4143 liam-ici.

268 4175 307 4243 (3)
325 4178 359 4228 ll.
372 4177 458 4247 Rouq.
474 4197 536 4230 cuni
551 4179 673 4233 Nuenat.
689 4197 758 4232 com.
769 4179 804 4233 R.
820 4184 965 4235 vene'rclct
977 4202 1001 4233 c.
1014 4202 1044 4251 p.
1061 4188 1254 4241 cruminam.
