3000 5272
391 427 453 489 tto
831 428 1018 489 KanottJS.
1043 450 1049 461 ¹

391 560 448 634 die
474 584 499 631 n
523 586 611 633 non.
634 563 715 657 jun.
736 560 802 655 (1).
831 560 917 632 lnde
935 586 1000 658 per
1013 558 1227 633 Aurelianos
1248 584 1292 631 ac
1312 560 1455 635 Parisios

391 675 612 775 Aepmsgrani
630 699 792 747 reversus
811 690 886 762 est,
907 690 945 747 et
960 698 1082 748 mense
1098 686 1250 775 augusto
1270 672 1456 749 inchoante

391 791 663 892 Mogontiacum
679 791 848 882 veniens,
868 790 1073 891 generalem
1090 806 1318 865 conventum
1333 790 1456 866 ibidem

392 910 538 1000 habuit,
567 928 603 986 et
626 914 694 985 iter
718 914 754 984 in
781 912 918 985 ltaliam
945 911 1108 987 condixit
1129 912 1186 1011 (a)
1213 942 1222 984 ε
1246 926 1360 1015 utque
1384 912 1457 987 inde

391 1028 599 1129 profectus,
639 1056 723 1102 cum
756 1031 916 1103 exercitu
952 1031 1160 1103 Ravennam
1189 1030 1314 1120 venit,
1346 1028 1457 1133 ibique

392 1163 528 1246 septem
550 1174 625 1219 non
652 1147 805 1246 amplius
829 1146 904 1219 dies
927 1161 1107 1233 moratus,
1129 1146 1336 1247 Pippinum
1352 1144 1457 1220 lilium

392 1290 497 1337 suum
527 1292 610 1338 cum
640 1265 765 1341 eodem
804 1266 965 1338 exercitu
999 1265 1036 1335 in
1072 1280 1206 1337 terram
1240 1264 1457 1339 Beneuenta

393 1406 525 1456 norum
544 1384 597 1455 ire
612 1383 737 1480 jussit;
757 1405 978 1481 movensque
996 1381 1041 1454 de
1062 1382 1231 1455 Ravenna·
1251 1380 1365 1454 simul
1386 1406 1458 1455 cum

391 1498 490 1584 filio,
507 1499 696 1571 Anconam
713 1522 826 1596 usque
844 1497 1030 1594 pervenit3
1047 1521 1122 1597 quo
1139 1493 1189 1568 ibi
1205 1494 1381 1585 dimisso,
1398 1498 1459 1569 llo

392 1640 489 1686 mam
503 1614 759 1713 proficiscitur.
777 1612 841 1685 Cui
861 1638 944 1684 cnm
961 1612 1078 1712 pridie
1094 1638 1205 1713 Qum
1222 1612 1292 1687 illo
1308 1614 1457 1699 veniret,

393 1731 466 1803 Leo
491 1757 581 1829 papa
605 1729 701 1827 apud
721 1728 945 1800 Nomentum
971 1730 1026 1826 (ὅ)
1054 1727 1296 1818 occurrisset,
1326 1744 1458 1803 etcum

393 1872 520 1946 magna
539 1872 621 1919 eum
638 1846 871 1919 veneratione
889 1843 1023 1919 ibidem
1040 1846 1271 1944 suscepisset,
1290 1862 1459 1948 poatcoe·

395 1990 478 2035 nam
489 2017 499 2050 ,
519 1989 590 2063 qua
612 1962 715 2033 simul
734 1960 859 2034 relecti
878 1976 981 2049 sunt,
1009 1962 1072 2036 illo
1091 1960 1140 2035 ibi
1159 1980 1357 2053 manente,
1376 1988 1460 2063 pou·

396 2080 484 2153 tifex
500 2079 544 2151 ad
562 2078 691 2151 urbem
708 2079 912 2176 praecessit,
934 2095 969 2151 et
987 2080 1024 2150 in
1043 2086 1240 2153 crastinum
1259 2082 1317 2179 (d)
1336 2082 1377 2153 in
1391 2108 1461 2182 gre

393 2197 498 2271 dibus
525 2197 678 2269 basilicae
708 2197 801 2269 beati
830 2196 925 2270 Petri
949 2197 1102 2296 apostoli
1125 2224 1210 2271 cum
1233 2200 1415 2300 episcopis
1433 2214 1460 2271 et

393 2316 563 2388 universo
586 2313 685 2386 clero
707 2313 927 2398 consistens,
952 2312 1203 2387 advenientem
1225 2313 1284 2412 (5)
1307 2338 1461 2417 equoque

393 2430 671 2509 descendentem
692 2430 769 2503 Deo
794 2429 914 2503 laudes
937 2429 1091 2505 diceudo
1114 2446 1152 2504 et
1172 2433 1311 2531 gratias
1336 2432 1462 2535 agendo

392 2551 569 2649 suscepit,
588 2566 625 2622 et
643 2549 782 2620 cunctis
801 2546 1034 2645 psallentibus
1051 2550 1089 2621 in
1108 2548 1300 2623 ecclesiam
1316 2548 1463 2653 ejuuluu

393 2664 589 2740 beatissimi
602 2664 755 2764 apostoli
770 2665 885 2737 Deum
896 2663 1101 2764 glorificans
1113 2680 1222 2766 atque
1235 2668 1463 2769 magnilinus

398 2784 613 2858 introduxit.
642 2782 747 2859 Facta
775 2796 861 2852 sunt
887 2781 963 2855 haec
987 2806 1058 2855 vm
1090 2780 1162 2853 kal.
1191 2781 1366 2859 decemb.
1391 2784 1463 2859 Pet

396 2914 533 2999 septem
549 2924 637 2972 vcro
660 2900 735 2971 dies
752 2924 835 2985 rex,
854 2899 1032 2971 concione
1055 2912 1200 2986 vocata,
1225 2926 1298 2974 cur
1321 2902 1463 2975 Romen

396 3016 552 3089 venisset
573 3012 744 3086 omnibus
768 3013 955 3112 patefecit,
976 3031 1013 3089 et
1029 3014 1158 3089 exinde
1174 3016 1349 3115 quotidie
1362 3044 1463 3121 prop·

398 3149 453 3206 ter
468 3158 552 3231 quae
565 3146 713 3203 venerat
723 3130 885 3203 facienda
903 3156 1049 3230 operam
1069 3134 1269 3232 impendit;
1290 3136 1331 3209 in
1344 3134 1463 3241 quibus

397 3248 454 3321 vel
472 3249 670 3320 maximum
687 3246 743 3320 vel
769 3248 823 3345 (6)
845 3246 1097 3323 difficillimum
1114 3264 1212 3340 erat,
1230 3252 1339 3353 quod
1358 3254 1463 3356 prim

398 3363 608 3439 inchoatum
621 3379 692 3449 est,
707 3364 751 3436 de
765 3363 1018 3462 investigandis
1031 3364 1196 3439 videlicet
1207 3392 1295 3467 quse
1309 3366 1462 3469 pontiliu'

432 3685 441 3751 (
448 3686 471 3752 ι)
484 3678 617 3735 Siccodd.
625 3680 908 3745 Trevir.‚Hannovcr.
916 3682 1133 3739 etVindobonn.
1144 3690 1461 3765 noemma-Mon.

396 3791 459 3828 cum
471 3770 593 3825 Nucnar.
607 3769 709 3823 comite
722 3778 750 3823 ct
766 3770 886 3824 Frchcro
900 3793 905 3823 :
921 3770 1013 3841 public
1025 3792 1091 3828 iton.
1105 3774 1206 3830 Perta:
1221 3776 1300 3833 diem
1314 3798 1343 3835 u.
1357 3802 1420 3837 m.

432 3864 471 3932 (a)
492 3860 525 3914 l).
539 3860 626 3931 Bouq.
643 3869 671 3912 et
689 3858 811 3912 Nnenar.
826 3876 936 3913 comcs:
953 3861 1065 3917 indixit.

431 3951 470 4024 (5)
489 3952 533 4007 Al.
549 3951 732 4005 tl'umcutum.

432 4046 470 4113 (l)
490 4044 523 4096 l).
542 4043 627 4113 Bouq.
640 4060 704 4095 cuin
720 4040 842 4094 anonae.
857 4043 975 4096 comite:
990 4054 1156 4115 posteroque
1169 4044 1225 4099 die.

432 4133 472 4201 (5)
493 4132 581 4187 lidem
596 4158 600 4164 ·
617 4131 811 4186 aduenientem
826 4152 928 4205 regem.

435 4224 473 4293 (6)
492 4222 584 4276 lidan
600 4222 700 4295 petibus·
716 4232 745 4275 ul
761 4225 913 4276 nmn'mum
927 4226 966 4275 ila
980 4221 1174 4295 :difficillimum
1188 4236 1251 4275 rrn'
