3000 5272
215 391 277 451 320
604 384 890 448 HLUDOWlCUS.

216 519 494 606 Abodritorum,
510 515 603 591 etde
616 518 785 616 Hispania
802 516 936 617 legatos
948 516 1219 610 Abdinhman,
1232 522 1295 598 filii

216 635 354 710 Abulaz
370 635 483 736 regis,
502 633 547 706 ad
567 660 604 707 se
621 635 746 708 missos
764 635 942 734 suscepit3
960 637 1231 741 completisque
1248 639 1296 714 ibi

216 752 345 852 viginti
363 751 419 825 vel
438 776 482 824 eo
499 749 652 848 amplius
667 748 812 839 diebus,
828 748 1052 851 Aqunsgrani
1069 752 1118 829 ad
1133 752 1297 836 ltiernan¹

216 867 303 943 dum
326 867 510 967 profectus
531 883 596 941 est.

644 1423 885 1498 Deccxvlt.

264 1586 385 1688 Legati
393 1584 639 1659 Abdirahman
652 1585 716 1658 filii
727 1585 877 1676 Abulaz,
888 1588 983 1687 regis
993 1587 1289 1677 samoenorum,

213 1707 258 1780 de
271 1707 535 1803 Caesaraugusta
547 1703 661 1791 missi,
675 1703 772 1801 pacis
787 1705 953 1803 petendae
963 1707 1080 1806 gratia
1090 1723 1289 1798 venerunt,

214 1839 251 1899 et
268 1819 492 1922 Compendio
509 1823 554 1893 ab
572 1822 790 1920 imperatore
806 1821 941 1911 auditi,
960 1821 1191 1925 Aquasgrani
1209 1849 1289 1898 mm

212 1939 418 2042 praecedere
433 1939 521 2038 jussi
544 1953 643 2011 sunt.
666 1937 749 2031 Quo
769 1964 853 2011 oum
869 1940 1112 2038 peruenisset,
1134 1940 1288 2044 legatum

214 2059 346 2133 Leonis
365 2056 592 2157 imperatoris
608 2055 654 2130 de
669 2056 1010 2156 Constantinopoli,
1025 2084 1096 2158 pro
1110 2057 1288 2133 Dalmata·

213 2202 297 2250 rum
316 2176 370 2275 (i)
388 2201 491 2248 causa
506 2174 676 2261 missum,
696 2173 904 2247 Niciforum
918 2175 1088 2264 nomine,
1112 2176 1285 2277 susoepit,

212 2320 322 2397 quem
339 2294 466 2381 etiam,
484 2292 569 2392 quia
582 2289 740 2364 Cadolah
755 2290 833 2389 (a),
851 2290 897 2364 ad
911 2317 1022 2392 quem
1037 2291 1193 2367 illorum
1203 2318 1288 2369 ooo·

215 2412 344 2486 finium
363 2437 448 2483 cura
464 2406 690 2508 pertinebat,
715 2432 792 2481 non
814 2408 958 2498 aderat,
981 2425 1019 2484 et
1043 2424 1168 2485 tamen
1190 2409 1286 2486 brevi

213 2544 389 2602 venturus
412 2523 622 2626 putabatur,
650 2523 845 2597 adventum
865 2523 961 2597 illius
980 2524 1089 2625 jussit
1112 2523 1284 2627 opperiri

216 2646 300 2741 Quo
313 2645 502 2735 veniente,
516 2643 611 2715 ratio
628 2642 726 2715 inter
738 2667 822 2715 eum
833 2657 872 2716 et
886 2641 1044 2742 legatum
1060 2643 1286 2744 imperatoris

212 2764 257 2839 de
269 2760 534 2865 questionibus
549 2785 638 2860 quas
654 2757 750 2832 idem
761 2759 909 2847 detulit,
928 2758 1049 2833 habito
1061 2775 1138 2850 αἱς
1156 2762 1284 2863 etquis

213 2907 270 2956 res
290 2879 335 2953 ad
359 2879 537 2978 plurimos
564 2893 601 2950 et
623 2877 807 2950 Romanos
831 2891 870 2949 et
891 2876 1035 2952 Salaros
1058 2876 1282 2978 pertinebat,

214 3022 333 3098 neque
349 2995 426 3068 sine
448 2994 595 3067 illorum
619 2993 809 3091 praesentia
833 2991 932 3065 finiri
953 3018 1057 3093 posse
1079 2991 1281 3083 videbatur,

215 3115 280 3191 illo
291 3109 514 3188 decernenda
527 3109 708 3197 differtur,
724 3109 923 3211 missusque
936 3111 981 3185 ad
993 3109 1285 3189 hoocnmllndo·
1316 3194 1320 3205 ,

213 3230 272 3305 lah
288 3246 325 3304 et
344 3227 521 3328 praedicto
543 3225 661 3324 legato
679 3225 717 3298 in
731 3225 945 3300 Dalmatiam
961 3225 1193 3330 Albiga-ius,
1210 3227 1282 3303 Un-

211 3346 314 3425 rochi
337 3372 462 3446 nepos.
486 3344 607 3444 Legati
635 3343 744 3417 etiam
769 3342 1034 3432 Abdirahmau,
1061 3370 1149 3421 oum
1171 3344 1281 3421 tribus

211 3464 395 3542 mensibus
416 3464 553 3539 detenti
578 3479 715 3550 essent,
737 3478 773 3535 et
794 3466 871 3561 jam
890 3461 936 3538 de
957 3462 1078 3538 reditu
1097 3462 1280 3565 desperare

212 3584 426 3685 coepissent,
445 3581 583 3656 remissi
601 3595 700 3652 sunt.
719 3579 800 3653 Filii
817 3607 964 3683 quoque
980 3579 1176 3657 Godofridi
1191 3581 1278 3685 mgis

211 3705 422 3788 Danorum,
441 3714 593 3798 propter
608 3695 784 3770 assiduam
805 3697 967 3772 Herioldi
992 3697 1274 3785 infestationum

212 3824 316 3895 missa
334 3817 378 3891 ad
395 3819 649 3916 imperatorem
667 3815 862 3913 legatione,
881 3841 1006 3914 pacem
1020 3829 1171 3915 petunt,
1189 3841 1275 3891 eam·

246 4105 284 4172 (ι)
304 4100 356 4155 ntt.
375 4092 859 4153 Dalmaticorum.1)almatinnrum.

247 4195 285 4261 (a)
306 4190 357 4247 llll.
373 4188 513 4245 l’odoloch
523 4232 529 4246 .
541 4184 702 4252 Kadolone,
718 4182 867 4238 cadolane.
