3000 5272
212 392 273 449 272
650 388 840 448 KAROLUS.

210 519 362 605 Mauris,
379 519 442 618 qui
460 517 704 616 superioribus
721 519 824 591 annis
840 517 926 590 illuc
939 517 1140 616 proedatum
1157 520 1281 596 venite

211 649 489 722 consueverant,
516 633 750 722 defenderem
775 636 837 735 qui
856 638 959 734 juxta
981 635 1280 712 oonsuetudiuem

210 781 309 828 suam
329 753 374 826 de
397 753 564 851 Hispania
589 754 739 854 egressi,
766 754 886 852 primo
913 753 1116 827 Sardiniam
1141 756 1280 856 appulsi

210 888 315 958 sunt,
336 868 458 969 ibique
478 896 562 941 cum
578 870 697 943 Sardis
719 871 848 969 praelio
870 870 1081 959 commisso,
1100 886 1141 944 et
1157 872 1280 947 multis

209 1016 359 1065 suorum
375 989 509 1060 amissis
525 1031 574 1045 -
588 1015 672 1060 nam
690 989 756 1060 tria
774 988 885 1060 millia
903 987 953 1060 ibi
972 988 1140 1062 cecidisse
1159 987 1281 1090 perbi-

210 1106 421 1192 bentur—,
444 1107 480 1176 in
499 1105 679 1177 Corsicam
699 1121 800 1178 recto
822 1129 929 1176 cursu
944 1121 1207 1204 pervenerunt.
1226 1105 1278 1177 lbi

211 1224 344 1295 iterum
366 1221 402 1292 iu
424 1217 580 1318 quodam
603 1233 714 1318 portu
737 1218 894 1316 ejusdem
915 1218 1041 1292 insuloe
1062 1244 1150 1292 cum
1173 1219 1279 1295 classe

211 1339 268 1411 oui
285 1334 512 1408 burchardus
529 1351 701 1435 praeerat,
720 1336 848 1435 praelio
865 1335 1160 1425 decertaverunt,
1175 1338 1278 1411 vieti-

210 1478 281 1555 que
298 1479 339 1524 ac
354 1451 465 1552 fugati
483 1466 586 1542 sunt,
605 1452 740 1523 amissis
758 1451 929 1525 tredecim
943 1451 1094 1525 navibus
1109 1469 1151 1527 et
1165 1453 1278 1552 pluri-

211 1570 279 1642 mis
303 1594 451 1642 suorum
475 1567 686 1641 interfectis.
711 1567 811 1641 Adeo
834 1568 898 1642 illo
925 1594 1022 1643 anno
1048 1570 1085 1642 in
1108 1567 1276 1643 omuibus

211 1688 300 1760 locis
323 1686 466 1759 adversa
489 1685 638 1761 fortuna
660 1684 799 1784 fatigati
825 1702 932 1773 sunt,
961 1701 1003 1757 ut
1026 1686 1093 1784 ipsi
1116 1683 1186 1759 sibi
1212 1683 1275 1759 boc

211 1801 376 1875 accidisse
405 1801 521 1874 testati
546 1801 621 1872 sint
643 1801 715 1897 (t),
739 1825 782 1873 eo
808 1800 928 1900 quod,
951 1826 1050 1874 anno
1072 1801 1272 1900 superiore,

212 1935 339 1993 contra
359 1944 507 1991 omnem
521 1917 697 2014 justitiam
717 1915 761 1989 de
780 1917 952 1990 Patelaria
970 1918 1025 2015 (a)
1049 1916 1166 1989 insula
1183 1942 1273 1993 sen·

211 2039 311 2137 ginta
324 2032 519 2109 monachos
534 2050 752 2132 asportatos,
775 2035 813 2107 in
827 2035 995 2134 Hispania
1018 2033 1271 2121 vendiderunt,

211 2177 370 2252 quorum
394 2150 502 2251 aliqui
526 2176 591 2248 per
616 2148 867 2223 liberalitatem
891 2149 1119 2249 imperatoris
1148 2151 1272 2225 iterum

200 2266 256 2340 'ad
278 2293 340 2340 sua
363 2266 439 2340 loca
463 2268 594 2340 reversi
615 2281 713 2338 sunt.
738 2266 862 2340 Hiceta
885 2267 1080 2366 patricius,
1105 2268 1172 2367 qui
1196 2293 1272 2342 oum

211 2385 318 2457 classe
344 2382 743 2482 Constantinopolitaua
764 2382 908 2458 sedebat
932 2384 970 2456 in
992 2384 1167 2474 Venetia,
1195 2409 1271 2482 paee

210 2498 303 2572 facta
320 2526 401 2573 cum
424 2500 579 2600 Pippino
603 2528 703 2601 rege,
728 2516 765 2574 et
790 2499 942 2576 induciis
965 2526 1077 2601 usque
1101 2499 1147 2573 ad
1171 2526 1271 2575 mm·

211 2644 285 2691 sem
298 2636 487 2719 augustum
500 2620 728 2707 constitutis,
744 2620 897 2693 statione
910 2618 1047 2707 soluta,
1065 2619 1270 2693 Constanti-

211 2735 376 2832 nopolim
400 2760 578 2835 regressus
604 2751 669 2810 est.
700 2738 778 2809 Hoo
804 2762 902 2810 anuo
927 2736 1125 2836 imperator
1147 2733 1270 2811 Pascha

211 2850 324 2948 Aquis
341 2849 535 2925 celebravit
554 2879 696 2926 stennon
714 2868 752 2925 et
769 2851 933 2926 Natalem
950 2851 1115 2926 Domini.

632 3745 846 3823 DCCCVHI.

258 3895 378 3969 Hiems
396 3895 604 3969 mollissima
621 3922 661 3968 ac
679 3897 847 3996 pestilens
863 3895 935 3968 fuit
953 3897 990 3969 in
1009 3895 1072 3970 illo
1090 3911 1263 3997 tempsit,

244 4086 281 4155 (r)
300 4085 334 4138 D.
346 4084 434 4158 bouq.
451 4085 479 4138 in
493 4095 550 4138 not.
566 4093 742 4138 testarentur.

241 4176 279 4243 la)
298 4175 341 4228 ΑΙ.
357 4176 506 4229 Petelart'a.
522 4174 621 4230 Annal.
638 4175 731 4230 bertin
748 4199 752 4227 :
771 4175 925 4228 Palataria.
