3000 5272
387 400 448 463 Μ
823 398 1014 459 KAROLUS.

386 529 520 603 uachus
542 527 690 629 quidam
710 526 755 600 de
772 527 1023 628 Hierosolyma
1039 527 1187 601 venicus
1198 580 1211 614 ,
1235 525 1452 604 benedictio-

386 672 472 719 nem
499 659 536 717 et
568 643 735 744 reliquias
762 641 912 718 deloco
936 644 1213 718 resurrectionis
1235 644 1449 735 Dominicae,

386 789 470 864 quae
486 758 689 861 patriarcha
705 761 780 859 regi
799 760 965 849 miserat,
986 759 1131 832 detulit.
1151 758 1204 833 Et
1217 785 1286 834 rex
1300 760 1451 837 Nataleu

387 879 538 952 Domini
556 879 596 950 in
614 876 740 951 eodem
756 876 890 975 palatio
906 876 1064 951 residens
1083 874 1305 967 celebravit,
1325 904 1367 953 ac
1378 904 1451 954 mo-

387 996 545 1070 nachum
556 996 687 1069 reverti
700 994 883 1069 volentem
893 994 1095 1084 absolvens,
1109 992 1321 1067 Zachariam
1333 1022 1450 1097 quau·

386 1115 491 1203 dam,
523 1114 774 1214 presbyterum
799 1114 844 1188 de
867 1114 1001 1214 palatio
1026 1140 1114 1202 suo,
1143 1139 1229 1185 cum
1255 1113 1386 1188 eodem
1409 1116 1452 1187 ire

383 1235 510 1333 jussit,
536 1235 593 1306 cui
616 1249 653 1308 et
673 1232 822 1306 donaria
846 1259 907 1306 sua
927 1231 971 1304 ad
993 1231 1052 1303 illa
1075 1230 1280 1307 veneranda
1305 1230 1383 1307 loca
1398 1231 1452 1305 de·

386 1349 533 1424 ferenda
552 1348 745 1423 commisit.

863 2140 994 2213 DCCC.

440 2300 625 2375 Redeunte
649 2328 757 2375 verna
781 2304 832 2399 (ι)
860 2302 1057 2400 temperie,
1082 2298 1203 2375 medio
1228 2298 1310 2377 fere
1333 2301 1455 2374 martio

391 2444 454 2492 rex
466 2418 682 2519 Aquisgrani
699 2417 892 2518 digressus,
909 2418 1013 2489 littus
1028 2417 1159 2490 Oceani
1173 2415 1307 2491 Gallici
1325 2418 1457 2518 perlus-

391 2534 519 2622 travit,
541 2548 578 2605 et
597 2534 634 2604 in
658 2533 735 2631 ipso
755 2535 868 2620 mari,
889 2530 989 2632 quod
1011 2547 1100 2605 tuuc
1119 2532 1247 2632 piratis
1267 2531 1455 2610 Nortmau·

390 2650 483 2721 nicis
510 2649 682 2722 infestum
705 2664 781 2722 erat
804 2650 861 2748 (a)
874 2702 886 2736 ,
914 2648 1061 2722 classem
1088 2648 1276 2738 instituit,
1300 2646 1457 2751 presidia

390 2764 589 2864 disposuit,
615 2763 748 2837 Pascha
768 2765 807 2837 in
828 2763 984 2839 Centulo
1006 2765 1063 2862 (3)
1083 2764 1179 2863 apud
1201 2765 1383 2839 Sanctum
1400 2763 1457 2839 lli·

391 2881 553 2955 charium
567 2879 773 2956 celebravit.
799 2881 886 2956 lude
907 2882 1040 2956 iterum
1062 2908 1128 2983 per
1148 2882 1251 2956 littau
1271 2884 1386 2957 matis
1401 2884 1458 2957 ite

390 3023 516 3100 agens,
543 2999 785 3098 Rotomagum
809 2998 991 3072 civitatem
1010 2998 1134 3087 veuit,
1155 2997 1283 3099 ibique
1304 3000 1457 3103 Sequa·

389 3139 496 3187 amne
509 3112 736 3201 transmisso,
751 3113 924 3187 Turonos
938 3113 996 3212 (4)
1013 3111 1058 3186 ad
1071 3112 1246 3185 Sanctum
1265 3112 1457 3188 Martium

389 3227 567 3303 orationis
580 3252 681 3299 causa
699 3226 885 3326 profectus
897 3244 969 3318 est,
988 3242 1151 3301 moratus
1167 3225 1218 3300 ibi
1236 3226 1316 3303 dies
1328 3229 1459 3331 aliquot

392 3359 543 3444 propter
568 3343 752 3416 adversam
779 3343 984 3444 liutgarde
1014 3344 1176 3445 conjugia
1201 3334 1457 3430 valetudiuun,

391 3488 474 3563 quae
498 3461 633 3534 ibidem
656 3478 692 3535 et
712 3460 880 3534 defuncta
901 3478 937 3537 et
960 3461 1104 3535 humata
1124 3477 1203 3549 eat;
1228 3459 1326 3537 obiit
1350 3478 1459 3537 autem

427 3811 468 3877 (r)
486 3804 577 3861 Codd.
593 3804 719 3858 llauuov.
733 3814 761 3857 et
776 3803 958 3859 Vindobona.
976 3820 1025 3855 1¹0
1037 3812 1067 3857 et
1078 3818 1149 3877 990:
1165 3804 1254 3857 vent.

427 3912 466 3979 (a)
484 3909 519 3962 D.
534 3908 633 3979 Bouq.,
646 3924 711 3961 cum
725 3905 848 3960 Nueuar.
868 3906 985 3972 comite,
1001 3906 1047 3959 hic
1064 3904 1133 3977 legit
1151 3927 1157 3958 ε
1174 3904 1226 3959 ubi
1240 3914 1311 3961 tunc
1320 3908 1458 3979 primm

394 4000 576 4057 Nordmanni
584 3997 762 4052 exercebunt.

427 4100 466 4172 (ὅ)
485 4104 519 4157 In
536 4102 651 4156 densato
664 4099 741 4154 deest
753 4099 826 4172 apud
840 4099 961 4153 eosdem.

428 4206 466 4271 (25)
486 4205 517 4256 l).
534 4204 620 4275 Botiq.
633 4220 695 4255 cum
709 4201 790 4255 codd.
809 4199 971 4258 vindobon.
990 4219 1039 4253 110
1051 4211 1080 4253 et.
1093 4216 1146 4272 99⁰
1162 4222 1168 4250 ε
1188 4198 1327 4254 Turonis.
