3000 5272
217 422 278 485 llss
654 421 844 483 KAROLUS.

216 553 480 655 oinciebantur
496 553 721 628 criminibus.
742 555 970 649 Qui'tamen,
991 568 1188 655 postquam
1201 556 1278 627 nul·

216 673 272 745 lus
290 671 500 746 eorumdem
517 671 711 744 criminum
727 670 905 772 probator
920 696 993 746 esse
1008 670 1148 765 voluit,
1164 696 1278 747 ooram

215 791 316 864 omni
336 789 473 888 populo
492 790 529 862 in
547 787 690 861 basilica
709 790 804 863 beati
818 790 916 864 Petri
928 789 1103 891 apostoli,
1119 790 1279 890 Evange-

214 905 446 998 liumferens,
458 906 651 980 ambonem
660 908 883 997 conscendit,
895 909 1140 1011 invocatoque
1147 906 1279 982 Sancte

215 1023 407 1097 Trinitatis
434 1025 603 1112 nomine,
634 1022 678 1098 de
706 1023 856 1125 objectis
881 1052 917 1100 se
944 1022 1164 1099 criminibus
1181 1028 1279 1127 jure·

208 1139 367 1238 jurando
386 1140 442 1237 (ι)
463 1140 642 1239 purgavit.
666 1138 801 1215 Eadem
817 1141 875 1216 die
891 1141 1077 1231 Zacharias
1095 1136 1280 1242 presbyter

214 1282 326 1356 quem
341 1282 405 1330 rex
421 1257 710 1358 Hierosolymam
722 1258 885 1348 miserat,
903 1284 985 1332 cum
998 1256 1145 1335 duobus
1161 1282 1281 1332 mona-

215 1369 291 1444 cbis
309 1397 401 1471 quos
418 1370 617 1470 patriarcha
635 1398 718 1444 curn
735 1399 778 1448 eo
798 1373 842 1446 ad
858 1400 979 1474 regem
995 1373 1116 1462 misit,
1136 1372 1281 1447 Romam

214 1489 328 1576 venit,
342 1489 419 1588 qui,
435 1487 697 1563 benedictionis
712 1491 840 1590 gratia,
862 1491 975 1565 claves
986 1489 1144 1590 sepulcri
1158 1490 1282 1563 Domi-

215 1607 288 1679 nici
303 1632 343 1678 ac
358 1606 428 1679 loci
443 1606 618 1681 Calvariae
631 1635 714 1681 cum
727 1608 861 1683 vexillo
873 1608 1097 1683 detulerunt.
1113 1606 1216 1702 Quos
1226 1633 1281 1681 nex

215 1719 371 1821 benigne
391 1738 554 1821 receptos
577 1750 642 1822 per
659 1723 799 1824 aliquot
814 1723 889 1796 dies
910 1750 1031 1798 secum
1049 1723 1231 1811 detinuit,
1251 1738 1282 1795 et

214 1837 332 1912 redire
348 1839 508 1913 volentes
525 1857 773 1915 remuneratos
791 1839 958 1916 absolvit.

674 2054 822 2126 DCCCL

162 2230 168 2301 ξ
264 2214 340 2312 lpse
356 2229 476 2285 autem
494 2239 578 2284 cum
594 2213 653 2286 die
671 2215 904 2287 sacratissima
920 2212 1056 2286 Natalis
1077 2213 1230 2288 Domini
1245 2210 1282 2283 ad

214 2328 403 2399 missarum
431 2325 603 2401 solemnia
627 2325 838 2401 celebranda
860 2327 1045 2401 basilicam
1067 2327 1168 2403 beati
1195 2326 1282 2401 Petri

213 2441 367 2542 apostoli
384 2440 509 2515 luisset
527 2443 727 2542 ingressus,
744 2458 780 2515 et
795 2467 918 2516 coram
929 2443 1056 2532 altari,
1072 2440 1139 2516 nbi
1153 2442 1200 2515 ad
1212 2466 1283 2516 on·

214 2560 354 2635 tionem
370 2586 407 2633 se
425 2559 678 2649 inclinaverat,
697 2560 892 2649 assisteret,
910 2562 984 2634 Leo
1000 2586 1093 2661 papa
1116 2584 1283 2637 eoronam

215 2677 322 2776 capiti
343 2680 418 2775 ejus
436 2677 629 2774 imposuit,
649 2693 784 2750 cuncto
804 2678 1054 2752 Romanorum
1070 2676 1216 2777 populo
1229 2701 1284 2748 ac-

215 2791 391 2864 clamante
407 2823 416 2862 :
432 2792 572 2865 Karolo
590 2796 781 2892 Augusto,
801 2819 826 2865 a
842 2792 924 2866 Deo
937 2808 1135 2885 coronato,
1154 2816 1284 2893 magno

215 2925 250 2979 et
263 2907 425 3008 pacifico
447 2913 658 3009 imperatori
671 2911 944 2999 Romanorum,
961 2910 1043 2981 cita
1058 2924 1096 2981 et
1113 2905 1284 2983 victonb!

216 3024 302 3096 Post
316 3049 402 3122 quas
416 3021 534 3095 laudes
549 3021 735 3097 abeodem
748 3022 922 3125 pontifice
935 3048 1038 3097 more
1050 3024 1283 3125 antiquorum

216 3141 425 3241 principum
438 3139 606 3212 adoratus
618 3158 685 3229 est,
701 3168 741 3213 ac
755 3141 898 3229 deinde,
912 3141 1046 3243 omisso
1057 3140 1208 3213 Patricii
1220 3164 1284 3213 no·

216 3261 334 3344 mine,
356 3260 557 3357 Imperator
576 3274 613 3332 et
631 3261 811 3360 Augustus
828 3228 1148 3371 appellatfflfo]
1159 3282 1284 3359 paucos

216 3399 304 3448 vero
331 3375 425 3462 dies,
448 3373 600 3473 jubente
627 3377 725 3474 ipso,
757 3376 781 3447 ii
804 3377 868 3477 qui
899 3374 1056 3449 eundem
1077 3372 1284 3475 pontificem

217 3516 316 3565 anno
332 3492 517 3588 superiore
533 3493 799 3591 deposuerunt,
819 3493 856 3564 in
870 3490 1050 3591 judicium
1065 3488 1237 3577 adducti,
1254 3502 1285 3561 et

217 3606 337 3681 habita
356 3608 400 3681 de
417 3610 466 3681 eis
484 3610 704 3710 qnaestione,
723 3609 918 3684 secundum
934 3609 1051 3709 legem
1068 3610 1283 3691 Romanam,

218 3742 261 3799 ut
271 3728 464 3824 majestatis
480 3728 551 3814 rei,
569 3729 694 3826 capitis
711 3728 869 3801 damnati
887 3724 1285 3829 sunt(2).1’roquibus

253 4033 291 4100 (ι)
311 4031 352 4083 lta
362 4029 486 4084 lrabctll.
502 4031 578 4104 llouq
599 4049 661 4084 cum
673 4032 796 4085 Nucnar.
807 4032 909 4086 comite
916 4041 944 4085 ct
954 4028 1036 4085 codd.
1047 4030 1213 4086 Hannonet
1223 4028 1285 4083 vn-

220 4119 343 4174 dobonn.
363 4140 410 4173 iro
422 4132 447 4175 ct
462 4140 524 4194 99⁰·
542 4154 571 4160 —
589 4123 667 4175 l‘crtz
685 4145 689 4173 z
708 4119 839 4192 iurando.

255 4213 292 4278 (a)
312 4210 343 4261 ll.
354 4210 439 4283 llouq.
450 4223 475 4264 rt
489 4212 611 4267 Nurnar.
623 4230 714 4265 comcs
726 4236 730 4262 ι
744 4213 833 4285 legem
845 4212 1038 4265 Romnrtnrwn.
1050 4212 1206 4263 atrurn-'n-
1218 4208 1286 4251 ’ω

1032 4894 1318 5244 4
