3000 5272
211 403 271 466 348
600 402 883 466 llLUDOWlGUS.

211 533 436 623 Hludowici,
457 535 794 636 lrmingardim(1),
816 535 977 635 Hugonis
996 536 1144 609 comitis
1156 534 1282 621 liliam,

210 653 363 725 solemni
385 677 487 726 more
505 651 609 725 duxit
629 680 795 728 uxorem.
817 653 907 726 llluc
926 653 1034 727 etiam
1052 653 1163 755 legati
1185 679 1284 725 sano-

210 787 258 842 tae
280 771 452 843 Romanae
474 770 644 846 Ecclesiae
664 773 735 870 (a),
754 770 970 846 Theodorus
994 772 1228 872 primicerius
1248 797 1284 842 ac

209 887 338 960 Florus
359 887 532 986 superista
550 891 603 987 (ὅ)
613 943 625 978 ,
650 916 733 962 cum
755 891 892 989 magnis
909 915 1039 964 venere
1057 888 1281 963 muneribus.

210 1004 407 1079 Alluerunt
422 1022 458 1078 et
475 1008 623 1082 comites
643 1008 681 1079 in
700 1007 827 1080 eodem
845 1022 1028 1082 conventu
1041 1011 1122 1106 jam
1137 1005 1187 1081 de
1199 1006 1283 1078 Pan-

210 1124 322 1198 nonia
340 1125 508 1223 regressi,
523 1125 608 1225 qui,
627 1124 842 1224 depopulata
860 1125 1089 1205 desertorum
1105 1139 1148 1197 et
1164 1122 1284 1197 Linde-

211 1244 301 1318 wito
320 1240 582 1316 adherentium
604 1244 768 1317 universa
792 1244 960 1343 regione,
987 1269 1072 1315 cum
1094 1240 1222 1314 nullus
1241 1241 1283 1314 eis

213 1357 347 1432 ibidem
376 1359 517 1458 copiam
546 1359 730 1458 pugnandi
762 1359 923 1447 fecisset,
956 1358 1110 1432 domum
1140 1357 1282 1458 regressi

211 1492 310 1549 sunt.
331 1477 498 1549 Eminuit
515 1477 553 1550 in
568 1476 637 1550 hoc
654 1477 788 1576 placito
804 1477 953 1577 piissimi
971 1475 1208 1576 imperatoris
1223 1476 1286 1547 rni-

213 1594 403 1667 sericordia
429 1594 639 1695 singularis,
664 1620 774 1693 quam
801 1593 960 1667 ostendit
985 1618 1095 1690 super
1120 1616 1207 1677 eos,
1229 1591 1283 1690 qui

213 1735 297 1781 cum
316 1708 527 1783 Bernhardo
546 1724 678 1809 nepote
701 1735 766 1784 suo
792 1709 830 1779 in
852 1707 950 1780 ltalia
971 1721 1101 1782 contra
1125 1722 1237 1806 caput
1250 1730 1285 1776 ac

213 1853 366 1924 regnum
385 1854 490 1900 suum
508 1813 807 1927 conjuraverunt,
827 1824 959 1927 quibus
980 1824 1031 1896 ibi
1056 1824 1103 1897 ad
1128 1850 1285 1924 praesen·

214 1946 301 2017 tiam
319 1947 441 2019 venire
455 1948 580 2045 jussis,
600 1972 676 2017 non
694 1945 814 2018 solum
830 1945 941 2016 vitam
959 1957 996 2016 et
1012 1939 1183 2015 membra
1201 1966 1285 2015 con·

213 2061 336 2150 cessit,
348 2088 474 2134 verum
488 2062 594 2134 etiam
609 2060 848 2160 possessiones
856 2056 995 2157 judicio
1008 2056 1097 2158 legis
1111 2058 1154 2129 in
1168 2056 1284 2131 fiscum

212 2174 370 2249 redactas
383 2203 511 2276 magna
525 2176 739 2248 liberalitate
751 2174 924 2248 restituit.
941 2171 1192 2246 Adalburdum
1203 2195 1285 2273 quo·

213 2320 284 2393 que
301 2294 345 2367 de
363 2294 575 2394 Aquitania,
599 2292 662 2365 ubi
684 2292 869 2379 exulabat,
890 2307 1100 2377 evocatum,
1125 2288 1284 2366 corbeie

213 2412 448 2503 monasteri0,
467 2427 508 2483 ut
523 2412 621 2510 prius
634 2410 770 2497 luerat,
785 2407 951 2482 abbatem
967 2434 1008 2480 ac
1019 2422 1209 2481 rectorem
1221 2430 1285 2479 esse

210 2529 329 2625 jussit,
343 2555 425 2600 cum
435 2556 510 2629 quo
524 2544 560 2601 et
569 2528 808 2601 Bernharium
818 2529 887 2626 (4),
899 2526 1052 2598 fratrem
1064 2527 1158 2624 ejus,
1168 2546 1285 2597 recou-

215 2643 376 2715 ciliatum
398 2643 513 2716 eidem
530 2644 750 2718 monasterio
767 2640 943 2730 reddidit;
967 2639 1233 2740 completisque
1249 2637 1285 2708 iis

214 2786 297 2858 quae
306 2759 355 2834 ob
368 2763 468 2861 regni
481 2761 675 2834 utilitatem
686 2762 738 2858 (5)
751 2759 995 2848 inchoaverat,
1005 2773 1042 2832 et
1050 2754 1282 2841 sacramento,

215 2878 314 2978 quod
338 2879 432 2977 apud
454 2879 719 2979 Noviomagum
740 2905 823 2978 pars
846 2877 1065 2977 optimatum
1086 2877 1282 2974 juraverat,

215 2994 430 3094 generaliter
451 3012 723 3084 consummato,
746 2995 821 3093 ipse
837 2991 1060 3094 Aquasgrani
1077 2991 1282 3071 revertitur,

216 3111 332 3185 lilium
351 3128 470 3186 autem
488 3113 739 3201 Hlotbarium,
766 3128 849 3212 post
873 3112 1016 3213 nuptias
1039 3110 1119 3182 ritu
1139 3105 1282 3183 solemni

218 3230 410 3304 celebratas
420 3287 430 3320 ,
451 3232 495 3304 ad
512 3231 742 3305 hiemandum
756 3230 1008 3304 Wormaciam
1025 3226 1139 3299 misit.

266 3351 318 3421 De
336 3365 437 3447 parte
456 3351 646 3423 Danorum
663 3350 785 3423 omnia
800 3348 921 3449 quieta
939 3371 982 3420 eo
1003 3370 1104 3418 anno
1119 3341 1281 3425 luerunt,

254 3655 292 3724 (ι)
311 3651 405 3707 Codex
417 3651 487 3725 Reg.
502 3653 565 3706 Par.
581 3650 652 3725 5924
672 3676 678 3704 ·.
702 3648 937 3724 Irmengardam;
953 3646 1017 3704 cod.
1031 3645 1198 3705 vindobon.
1214 3660 1280 3719 990²

225 3741 454 3815 Yrmingnrdam.

254 3837 294 3902 (2)
312 3833 347 3886 D.
368 3832 454 3904 Bouq.
479 3850 543 3884 cunr
565 3831 705 3884 Nuenario
727 3830 828 3883 comite
852 3853 857 3881 :
885 3829 974 3900 legati
994 3828 1118 3884 Romani
1137 3823 1280 3899 pontificis,

224 3921 396 3977 Theodorus.

256 4013 296 4083 (3)
317 4015 462 4084 Superista
475 4012 552 4067 deest
564 4030 608 4083 ap.
622 4010 744 4065 cosdem.

256 4108 295 4169 (dl
313 4104 381 4158 Cod.
398 4104 515 4157 lauriss,
534 4101 747 4155 Bercabarium.

257 4194 292 4255 'fil
314 4197 403 4248 llucn.
418 4216 488 4249 coin.
503 4205 529 4248 et
543 4195 576 4248 l).
591 4195 677 4266 Bouq.
694 4196 727 4247 iis
739 4210 802 4263 qucc
817 4190 856 4244 ad
866 4192 953 4259 regni.
