3000 5272
214 333 274 435 aas
652 373 842 437 saronas.

213 517 337 603 gatum
353 499 511 592 obsedit,
532 518 569 576 et
587 504 625 575 in
642 503 863 579 deditionem
881 508 1042 606 aceepit,
1067 525 1275 615 capmmqoe

213 619 412 694 honorifice
449 619 588 694 habuit.
632 623 833 722 imperator
866 623 1085 726 Aquisgrani
1121 626 1275 704 Natalem

215 738 363 813 Domini
389 738 595 814 celebravit.

655 1418 840 1493 Dcccul.
929 1416 934 1427 ’

264 1585 338 1657 Hac
354 1581 470 1656 hieme
488 1583 582 1654 circa
600 1584 718 1681 ipsum
734 1583 908 1682 palatium
924 1598 961 1656 et
976 1582 1151 1657 finitimas
1168 1584 1279 1684 regio·

212 1728 275 1775 nes
292 1716 398 1774 terrae
423 1715 542 1773 motus
568 1697 705 1791 factus,
730 1715 767 1774 et
789 1698 990 1773 mortalitas
1004 1699 1194 1775 subsecuta
1214 1716 1277 1774 αἱ.

212 1819 416 1919 Winigisus
430 1845 449 1890 a
462 1816 673 1892 Grimoaldo
684 1818 737 1915 (r)
751 1817 911 1892 redditus
924 1833 990 1908 est,
1005 1833 1043 1892 et
1054 1817 1154 1890 missi
1168 1817 1280 1916 impe·

211 1934 342 2008 ratoris
357 1933 402 2008 de
419 1933 735 2033 Constantinopoli
756 1935 887 2008 reversi
910 1949 1020 2024 sunt,
1043 1951 1082 2008 et
1102 1947 1280 2009 venerant

212 2076 296 2122 cum
311 2049 360 2123 eis
376 2049 481 2149 legati
500 2046 654 2121 Nioifori
674 2049 919 2148 imperatoris,
938 2049 1001 2150 qni
1024 2064 1114 2121 tunc
1130 2072 1280 2148 rempu·

210 2168 343 2241 blicam
351 2166 645 2268 regebat-nam
655 2167 832 2240 Herenam
839 2181 921 2267 post
929 2164 1127 2240 adventum
1133 2165 1280 2267 legatio·

211 2287 268 2359 nis
280 2285 461 2359 Francicae
474 2284 719 2382 deposuerunt
730 2327 780 2340 —
796 2308 956 2386 quorum
968 2284 1118 2360 nomina
1132 2283 1282 2359 fuerunt

210 2399 364 2474 Michael
373 2400 424 2498 (a)
438 2400 638 2500 episeopus,
651 2401 778 2473 Petrus
788 2397 896 2472 abbas
908 2413 945 2473 et
954 2398 1107 2472 Calistus
1120 2395 1282 2472 eandida·

211 2531 283 2588 tus.
300 2515 372 2609 Qui
387 2531 568 2588 venerunt
583 2513 627 2586 ad
642 2515 898 2613 imperatorem
912 2514 952 2586 in
965 2511 1160 2588 Germania
1176 2537 1282 2612 super

211 2632 363 2704 fluvium
380 2631 458 2703 Sala
468 2685 480 2721 ,
497 2632 535 2702 in
552 2629 635 2704 loco
648 2636 712 2730 qui
729 2629 864 2702 dicitur
880 2628 975 2703 Saltz
990 2629 1064 2728 (ὅ),
1081 2643 1120 2703 et
1135 2642 1281 2728 pactm

211 2747 380 2822 faciendae
393 2747 490 2846 pacis
506 2747 543 2818 in
561 2748 697 2846 scripto
714 2760 960 2846 susceperunt.
979 2748 1028 2818 Et
1043 2744 1129 2820 inde
1143 2743 1278 2818 dimissi

212 2888 296 2934 cum
307 2861 456 2961 epistola
470 2862 715 2960 imperatoris,
732 2863 886 2934 Romam
898 2859 1047 2961 regressi
1060 2874 1171 2961 atque
1183 2859 1280 2935 Con-

211 2977 487 3077 stantinopolim
499 2979 631 3052 reversi
644 2994 742 3052 sunt.
757 2980 958 3078 Imperator
970 2992 1091 3051 autem
1104 2976 1144 3050 in
1156 2978 1280 3077 anoa·

211 3099 304 3170 riam
314 3096 515 3197 profectus,
527 3095 707 3197 dispositis
719 3096 987 3170 Pannoniarum
1000 3092 1129 3182 causis,
1143 3091 1279 3169 deom-

210 3214 295 3289 hrio
311 3240 433 3288 mense
454 3214 674 3315 Aquasgrani
696 3239 859 3289 reversus
879 3227 956 3301 est,
977 3208 1101 3312 ibique
1120 3209 1277 3285 Natalem

212 3333 362 3408 Domini
379 3330 586 3405 celebravit.

245 3643 285 3711 (ι)
303 3638 346 3694 At.
364 3636 518 3702 Grimoldo.

245 3732 285 3800 (a)
303 3729 347 3784 ΑΙ.
362 3727 513 3783 Michohel.

244 3819 283 3891 (ὃ)
301 3819 356 3875 All.
374 3820 465 3887 Salat,
482 3819 579 3874 Saltu.
