3000 5272
219 508 273 563 tto
650 504 837 563 KtlttttUs'.
915 502 918 507 '

213 651 321 721 esset,
341 636 513 709 convenit
531 636 626 705 inter
650 637 765 733 ipsum
781 653 888 734 atque
905 635 1106 705 Adrianum
1125 637 1269 735 pontiti-

214 779 309 838 cem,
331 768 371 822 ιιι
384 750 490 822 simul
505 751 636 850 legatos
650 754 838 826 mitterent
853 753 897 824 ad
914 752 1141 826 Tassilonem
1159 756 1269 853 Bujoa·

213 870 277 941 riae
299 868 446 954 ducem,
473 869 537 967 qui
565 895 648 941 eum
665 886 940 943 commonerent
967 870 1011 944 de
1033 888 1268 960 sacramento,

212 986 310 1085 quod
330 987 484 1084 Pippino
507 987 581 1085 regi
609 1004 645 1059 et
663 988 744 1059 filiis
762 992 834 1087 ejus
851 1015 891 1060 ac
914 988 1061 1061 Francis
1071 992 1268 1088 juraverat,

212 1104 348 1175 scilicet
371 1118 410 1173 ιιι
434 1102 613 1200 subjectus
631 1119 667 1175 et
683 1103 852 1177 obediens
875 1106 924 1177 eis
947 1132 1020 1178 esse
1037 1104 1192 1179 deberet
1209 1108 1268 1205 (t).

211 1219 326 1293 Electi
340 1244 381 1289 ac
392 1217 517 1291 directi
531 1235 618 1290 sunt
635 1221 671 1291 in
691 1219 782 1293 hanc
799 1221 1013 1321 legationem
1022 1220 1067 1295 de
1077 1238 1271 1323 partcpon-

212 1334 318 1407 tificis
333 1338 525 1407 Formosus
542 1338 595 1431 (2)
611 1362 651 1407 ac
667 1340 834 1409 Damasus
857 1339 1035 1436 episcopi,
1060 1352 1099 1411 et
1117 1338 1271 1437 deporto

211 1454 302 1553 regis
312 1451 496 1525 Richotfus
511 1453 637 1525 diacon
643 1481 681 1523 us
691 1469 798 1553 atque
811 1452 1037 1527 Eberhardus
1048 1454 1105 1552 (ὅ)
1114 1456 1271 1555 magistu

211 1570 478 1668 pincernarum.
506 1570 576 1661 Qui
597 1596 704 1657 cum,
727 1586 767 1641 ut
783 1572 866 1669 jussi
887 1586 1009 1655 erant,
1036 1596 1123 1642 cum
1140 1596 1271 1647 memo-

211 1699 291 1757 rato
308 1684 397 1757 duce
416 1684 556 1784 loquuti
575 1700 716 1772 essent,
737 1687 774 1757 in
794 1701 934 1756 tarrtum
952 1710 1016 1758 cor
1037 1688 1115 1783 ejus
1141 1686 1270 1759 emolli·

213 1817 290 1873 tum
309 1819 374 1887 est,
394 1818 434 1873 ut
450 1801 598 1887 diceret,
616 1828 653 1874 se
670 1804 791 1873 statim
810 1802 900 1875 velle
915 1801 959 1873 ad
976 1803 1071 1901 regis
1087 1828 1269 1903 properare

211 1918 460 2016 praesentiam,
481 1919 509 1988 si
528 1917 596 1987 sibi
620 1916 707 1989 tales
725 1917 865 1990 obsides
881 1917 1035 2004 dentur,
1057 1916 1270 2019 sub-quibus

211 2032 341 2105 desua
369 2032 481 2104 salute
510 2031 675 2104 dubitare
707 2032 805 2103 nnita
835 2034 881 2103 sit
908 2032 1112 2105 necessitas.
1142 2030 1270 2126 Quibus

211 2149 314 2236 datis,
328 2150 403 2221 sine
414 2150 642 2221 cunctatione
657 2148 750 2246 apud
764 2150 1010 2222 Wormaeiam
1022 2148 1067 2219 ad
1084 2172 1271 2249 regemve-

210 2266 287 2353 nit,
316 2281 576 2339 sacramentnm
603 2265 700 2364 quod
728 2264 924 2362 jubebatur
949 2266 1111 2363 juravit,
1142 2264 1272 2339 obsides

210 2379 399 2453 duodecim
429 2383 490 2480 qni
522 2380 792 2479 imperabantur
819 2383 895 2453 sine
919 2407 1021 2454 mora
1040 2380 1166 2470 dedit,
1189 2406 1272 2484 quos

213 2496 425 2569 Sindbcrtus
442 2499 515 2595 (4),
534 2498 743 2597 Regincnsis
762 2499 948 2596 episcopus
967 2497 1012 2569 de
1034 2500 1214 2596 Bajoariu,
1239 2498 1272 2569 iu

212 2610 388 2683 Curisiaco
400 2612 443 2683 ad
457 2628 690 2710 conspectum
703 2614 794 2711 regis
808 2611 968 2683 adduxit.
988 2611 1058 2685 Sed
1076 2610 1173 2685 idem
1186 2612 1269 2699 dux,

212 2727 359 2799 domum
377 2754 555 2817 resersus,
576 2754 649 2801 nou
667 2727 731 2799 diu
749 2729 786 2799 in
799 2754 840 2800 ea
851 2754 960 2827 quam
974 2728 1194 2826 promiserat
1210 2724 1271 2801 fide

212 2845 422 2941 permansit.
449 2850 525 2916 Rex
553 2861 672 2916 autem
697 2845 734 2915 in
753 2844 875 2919 eadem
896 2842 978 2914 villa
999 2840 1159 2917 hiemen
1177 2860 1272 2917 tmu-

213 2961 323 3047 siens,
339 2979 375 3033 et
388 2962 541 3033 natalem
555 2962 701 3033 Domini
720 2979 757 3033 et
771 2960 900 3033 Pascha
917 2962 1044 3035 codem
1063 2962 1104 3035 iu
1120 2962 1204 3037 loco
1217 2986 1271 3035 oo-

213 3075 366 3149 lcbrurit
384 3078 452 3173 (5).

215 3284 559 3297 --——-————----—··
567 3284 708 3293 aa——--

246 3413 284 3481 (ι)
303 3410 345 3463 Ita
357 3408 441 3463 habet
450 3408 575 3462 Pertzius
585 3418 613 3461 et
624 3406 684 3462 cod.
699 3410 815 3464 Arman.
829 3410 889 3464 aD.
901 3409 988 3482 Bouq.
1004 3410 1036 3463 in
1046 3412 1122 3467 notis
1135 3412 1191 3467 tuit
1203 3408 1267 3465 laud.

211 3499 281 3556 Cod.
291 3500 315 3553 T
318 3500 398 3552 rerir.
411 3508 440 3551 ut
449 3496 591 3570 srtbjcrtus
601 3500 640 3550 eis
648 3507 721 3549 esset
731 3508 757 3551 et
765 3496 907 3553 obediens.
916 3498 1039 3552 ltuenar.
1050 3518 1160 3555 eomes:
1173 3508 1204 3555 ut
1211 3498 1267 3553 sutt-

209 3593 299 3663 jectus
312 3598 384 3641 cerel
398 3608 431 3641 uc
444 3586 628 3641 obedienti).
644 3586 731 3660 Bouq.
748 3597 778 3641 ut
792 3590 831 3641 eis
844 3608 866 3641 s.
880 3607 904 3642 e.
919 3606 953 3641 ac
966 3606 994 3641 o.

246 3682 283 3749 (ι)
302 3680 347 3733 stc
363 3680 393 3731 D.
408 3678 494 3750 Bonq.
510 3677 624 3730 Frelrer.
637 3688 664 3730 et
678 3678 800 3731 Nuenar.
817 3694 922 3745 comes,
941 3695 1005 3731 cum
1018 3675 1104 3733 codd.
1116 3676 1262 3733 Vindobon-

215 3790 262 3825 ιιο
276 3782 303 3825 et
317 3790 379 3845 990.
396 3770 474 3822 Pertz
488 3792 492 3820 ι
509 3768 689 3822 Formantur.

244 3860 285 3929 (5)
304 3861 357 3916 All.
373 3858 575 3917 Eluudardrm.
591 3858 777 3911 Eberhartns.

244 3956 283 4017 (tt
304 3950 347 4006 M.
360 3947 550 4005 &adheretum
566 3948 599 3999 D.
617 3948 702 4020 ltonq.
717 3945 891 3999 Sindbcrtus.

244 4038 282 4109 (5)
301 4042 353 4094 tlte
366 4040 477 4095 Freher.
495 4036 572 4090 addit
591 4062 595 4087 z
614 4036 729 4089 Hisclcm
740 4034 839 4089 diebus
852 4032 986 4106 defuncto
1003 4030 1167 4087 Guictardo
1176 4028 1258 4087 abbate

209 4128 326 4182 conatii
337 4130 435 4181 Sancti
450 4128 593 4181 Gernrum'.
612 4126 748 4177 liebertus
758 4128 786 4177 in
802 4126 936 4195 rugiruine
949 4120 1140 4175 substituitur.
