3000 5272
374 365 431 424 1³8
808 363 995 427 PIPPINUS.

368 493 523 592 justitias
549 493 606 592 (i)
633 492 878 582 redditurum,
909 493 1049 569 obsides
1079 496 1144 596 qui
1173 496 1434 596 imperarentur

373 609 541 682 daturum
555 641 564 681 ε
578 609 677 684 dedit
689 609 796 682 etiam
805 609 894 684 duos
907 611 951 684 de
961 611 1181 711 primoribus
1190 613 1323 713 gentis,
1333 612 1435 688 Adul-

371 727 511 827 garium
525 741 561 800 et
577 725 765 801 Itherium.
781 728 830 799 Et
849 728 918 802 hoc
931 728 1027 803 facto
1036 784 1047 819 ,
1071 745 1295 804 commotum
1312 748 1434 806 contra

372 870 408 918 se
425 846 517 945 regis
538 846 700 917 animum
724 845 811 919 adeo
836 847 1012 947 mitigavit
1029 848 1108 947 (2),
1132 865 1175 921 ut
1196 849 1319 923 statim
1343 847 1436 925 bello

371 960 570 1035 desisteret.
591 960 682 1034 Nam
694 965 847 1062 acceptis
868 963 1072 1052 obsidibus,
1093 966 1155 1065 qui
1171 964 1215 1037 ad
1231 964 1343 1040 fidem
1358 992 1437 1067 pro-

373 1079 603 1153 missionibus
616 1080 814 1155 faciendam
833 1081 906 1154 dati
921 1100 1030 1172 sunt,
1049 1110 1112 1157 rex
1130 1083 1226 1157 bello
1241 1081 1435 1172 abstinuit,

373 1197 594 1297 domumque
615 1187 794 1289 reversus,
816 1198 961 1273 dimisso
979 1201 1158 1287 exercitu,
1182 1200 1220 1272 in
1233 1199 1319 1272 villa
1338 1200 1438 1273 Cari-

374 1314 468 1388 siaoo
490 1312 678 1407 hiemavit,
706 1316 830 1417 inqua
851 1331 887 1390 et
903 1316 1068 1390 Natalem
1091 1317 1238 1392 Domini
1255 1332 1294 1392 et
1311 1315 1436 1392 Pascha

375 1430 580 1505 celebravit.

815 1999 1003 2075 DCCLXl.

424 2161 621 2235 Waifarius
636 2160 710 2234 dux
720 2215 730 2250 ,
749 2186 965 2261 quamquam
983 2157 1123 2234 obsides
1137 2159 1310 2249 dedisset,
1332 2185 1441 2233 sacra·

377 2294 569 2379 menteque
576 2281 748 2378 jurasset,
769 2277 878 2348 satius
889 2291 1009 2350 tamen
1026 2293 1125 2349 ratus
1130 2330 1142 2367 ,
1161 2277 1190 2348 si
1205 2277 1263 2376 (ὃ)
1280 2276 1328 2352 de
1342 2276 1440 2350 illato

376 2393 458 2483 sibi,
478 2419 576 2468 anno
592 2394 789 2494 superiore,
804 2392 902 2467 bello
916 2392 1093 2467 ultionem
1107 2393 1288 2493 exigeret,
1306 2393 1439 2469 exemi·

377 2527 455 2583 tum
471 2537 577 2583 suum
586 2564 598 2599 ,
618 2511 681 2610 qui
699 2513 922 2585 Francorum
935 2511 1171 2608 possessiones
1187 2510 1438 2610 popularetur,

375 2652 488 2727 usque
504 2626 549 2699 ad
572 2625 797 2700 cabillonem
824 2627 1006 2700 civitatem
1021 2625 1110 2700 fecit
1133 2624 1316 2701 accedere.
1336 2626 1440 2723 Quod

376 2769 461 2817 cum
472 2744 628 2844 Pippino
644 2746 719 2845 regi
729 2743 931 2844 generalem
941 2759 1161 2816 conventum
1175 2744 1294 2843 agenti
1310 2742 1440 2817 invilla

377 2860 488 2933 Duria
518 2859 641 2933 fuisset
669 2860 905 2948 nunciatum,
936 2861 1068 2934 coactis
1094 2857 1257 2960 undique
1279 2858 1438 2951 auxiliis,

377 3001 461 3048 oum
473 2999 604 3075 magno
615 2973 700 3047 belli
712 2989 885 3073 apparatu
898 2972 1126 3074 Aquitaniam
1141 2975 1440 3077 ingressumque·

376 3089 460 3163 dam
470 3088 602 3190 oppida
615 3105 721 3190 atque
734 3088 875 3162 castella
888 3115 998 3160 manu
1010 3089 1105 3189 cepit
1120 3116 1129 3161 z
1147 3089 1186 3162 in
1198 3087 1334 3191 quibus
1345 3117 1439 3193 pre-

377 3207 480 3305 cipua
503 3205 603 3278 fuere
635 3202 836 3293 Burbouis,
866 3204 1037 3293 Cantilla,
1070 3205 1303 3280 clarmontis.
1333 3206 1439 3301 Quae·

378 3321 460 3395 dam
485 3323 538 3421 (4)
563 3348 600 3395 se
621 3322 750 3394 victori
775 3320 875 3394 ultro
896 3319 1112 3394 dediderunt
1129 3321 1197 3421 (5),
1215 3322 1438 3426 maximeque

377 3438 626 3512 Arvernorum
650 3437 810 3526 castella,
833 3465 915 3538 quae
940 3453 1026 3510 tunc
1044 3437 1142 3513 bello
1166 3434 1434 3538 premebantur.

376 3559 453 3631 Rex
464 3573 585 3629 tamen
597 3571 724 3628 cuncta
733 3582 815 3656 quae
829 3571 930 3629 extra
942 3557 1163 3631 munitiones
1177 3557 1334 3647 invenit,
1343 3557 1437 3633 ferro

410 3801 449 3872 (r)
460 3799 496 3854 D.
511 3799 600 3871 Bouq.
614 3798 737 3852 ecclesiis
746 3798 814 3871 jura
826 3816 888 3852 sim.

412 3891 451 3960 (a)
469 3889 505 3946 D.
519 3888 609 3961 Bouq.
623 3890 664 3941 ita
675 3897 814 3942 contrusa
828 3897 992 3943 commotum
1005 3891 1080 3961 regis
1090 3891 1261 3943 animumn.

411 3974 451 4047 (3)
471 3977 504 4030 Si
509 3974 587 4031 deest
599 3994 644 4048 ap.
658 3975 692 4029 D.
708 3974 796 4049 Bouq.
811 3985 841 4030 et
852 3994 904 4049 pro
918 3980 1043 4050 exigeret
1055 3975 1125 4050 legit
1136 3979 1259 4050 exigere.

412 4070 450 4139 (l)
463 4067 533 4123 Cod.
545 4065 708 4124 Vindobon.
721 4064 774 4132 654
786 4089 793 4120 ι
804 4086 878 4141 qua.

411 4155 450 4227 (5)
468 4155 556 4213 Cotd.
571 4155 734 4215 Vindobon.
753 4175 801 4211 ιιο
812 4166 841 4212 et
850 4172 922 4233 990,
933 4167 962 4212 et
975 4157 1010 4211 D.
1023 4155 1111 4229 bouq.
1124 4153 1271 4212 dederunt.
