3000 5272
211 412 270 470 176
646 405 831 464 KAROLUS.

210 540 346 641 magnis
356 535 567 609 muneribus
579 536 614 606 in
630 536 712 606 villa
730 536 965 610 Wiroiniaoo.
991 536 1108 630 Quem
1118 552 1157 612 et
1172 537 1265 613 beni·

210 682 280 756 gne
295 656 349 755 (1)
369 652 539 750 suscepit,
559 666 596 722 et
613 648 823 722 muneribus
839 649 1013 724 donatum
1036 653 1075 724 in
1099 651 1264 726 duantum

210 797 314 844 snum
329 769 478 842 remisit.
497 770 574 865 lpse
591 768 713 839 animo
725 766 767 839 ad
783 767 993 841 Saxonicum
1006 767 1265 867 expeditionem

212 891 374 974 intento,
390 883 653 976 Duriamrenit
662 937 673 970 ,
690 880 884 987 habitoque
894 887 996 984 juxta
1010 910 1155 960 morem
1164 910 1267 987 gene·

211 1006 278 1078 reli
297 1019 500 1090 conventu,
519 1003 682 1074 Hrenum
702 1001 738 1072 in
761 1027 804 1074 eo
820 1001 901 1075 loeo
920 1003 980 1102 qui
999 1002 1199 1101 Lippeham
1216 1004 1266 1103 (a)

212 1136 381 1211 vocatur,
399 1145 481 1190 cum
502 1117 660 1190 exercitu
686 1118 835 1216 trajecit.
861 1118 927 1190 Cui
948 1144 1031 1191 cum
1051 1119 1213 1194 Saxones
1236 1121 1267 1193 in

213 1235 369 1336 quodam
385 1233 467 1307 loco
477 1233 539 1333 qui
554 1231 733 1306 Buocholt
747 1235 802 1331 (ὅ)
815 1250 981 1322 vocatur,
994 1260 1082 1307 vana
1098 1260 1165 1334 spe
1176 1234 1267 1308 ducti

213 1353 375 1428 resistere
402 1366 637 1450 temptarent,
666 1349 758 1449 puisi
787 1350 971 1452 fugatique
999 1367 1099 1424 sunt.
1131 1352 1186 1424 Et
1213 1376 1268 1425 rex

214 1470 474 1545 Westfalorum
497 1470 682 1569 regionem
701 1469 899 1569 ingressus,
925 1494 1050 1542 omnes
1073 1494 1136 1543 eos
1166 1471 1207 1542 in
1221 1468 1269 1543 de·

213 1585 390 1661 ditionem
412 1587 560 1685 accepit.
587 1585 672 1659 Inde
688 1584 731 1657 ad
759 1586 943 1659 Wisuram
969 1586 1135 1680 veniens,
1154 1587 1269 1660 eastris

213 1704 338 1803 positis
363 1702 402 1775 in
426 1702 506 1776 loco
524 1703 672 1774 nomine
688 1701 869 1774 Midufulli
895 1703 949 1800 (4)
959 1755 971 1792 ,
990 1702 1117 1775 stativa
1139 1728 1208 1802 per
1221 1698 1270 1774 al's

214 1836 306 1922 quot
332 1820 405 1893 dies
430 1818 568 1890 habuit,
588 1817 642 1890 Ibi
663 1818 829 1918 Angrarii
854 1818 906 1917 (5)
924 1834 960 1891 et
976 1817 1104 1891 Ostfali
1132 1818 1270 1893 venien·

217 1955 287 2028 tes,
310 1953 346 2012 et
370 1935 511 2010 obsides
539 1935 732 2024 dederunt,
752 1953 788 2009 et
815 1951 1030 2009 sacramenta
1046 1938 1268 2034 juraverunt.

217 2052 357 2148 Quibus
380 2052 554 2153 peractis,
576 2078 639 2124 rex
660 2066 757 2124 trans
783 2055 947 2126 Hrenum
970 2049 1014 2125 ad
1029 2053 1271 2128 Wormaoian

217 2171 397 2244 civitatem
415 2169 452 2240 in
465 2164 614 2240 hiberna
630 2168 686 2266 (6)
701 2193 736 2240 se
749 2169 896 2267 recepit.

623 2377 869 2450 ncctxxx.

263 2540 368 2627 Inde,
392 2564 474 2610 cum
491 2539 650 2636 primum
667 2538 840 2637 temporis
857 2539 1112 2636 opportunitas
1125 2537 1273 2613 anidnt

218 2659 290 2729 visa
307 2671 379 2744 est,
399 2657 530 2728 iterum
547 2682 629 2728 cum
646 2681 777 2755 magno
802 2656 962 2729 exercitu
984 2656 1181 2730 Saxoniam
1196 2682 1274 2757 pro·

217 2774 331 2846 sectus
360 2789 434 2860 est,
463 2773 708 2872 transiensque
734 2799 798 2871 per
824 2789 976 2845 castrum
1001 2775 1056 2872 (7)
1084 2773 1274 2848 AEresbnr

218 2915 322 2988 gum,
338 2887 382 2958 ad
393 2887 533 2959 fontem
548 2888 684 2985 Lippiae
700 2887 812 2975 venit,
831 2886 893 2960 ubi
912 2903 1024 2960 castra
1037 2904 1208 2977 metatus,
1219 2914 1275 2991 per

221 3004 362 3104 aliquot
387 3000 461 3074 dies
487 3018 648 3075 moratus
673 3019 739 3075 est.
769 3003 921 3076 Indead
952 3006 1132 3078 orientem
1155 3007 1274 3081 itinere

221 3145 414 3206 converso,
434 3118 478 3189 ad
494 3118 669 3191 Ovaerum
687 3118 836 3192 fluvium
854 3122 1011 3194 accessit.
1034 3121 1102 3195 Cui
1126 3149 1211 3199 cnm
1230 3120 1273 3196 ibi

222 3263 346 3311 omnes
362 3234 591 3310 orientalium
607 3237 763 3334 partium
781 3238 956 3328 Saxones,
976 3255 1016 3311 nt
1029 3246 1203 3338 jusserat,
1221 3266 1273 3316 oo·

223 3353 438 3442 emissent,
471 3351 622 3422 maxima
658 3377 784 3425 eorum
818 3354 1012 3427 multitudo
1042 3356 1082 3427 in
1111 3355 1197 3432 looo
1218 3354 1272 3457 qui

255 3649 294 3718 (1)
311 3644 381 3701 Cod.
398 3645 479 3698 Trev.
492 3654 520 3698 et
534 3644 655 3699 Nuenar.
669 3664 740 3700 eom.
756 3666 837 3718 quem
853 3647 1060 3718 benignissime.

258 3736 296 3806 (a)
314 3732 370 3789 All.
385 3732 543 3804 Lippehtne,
559 3733 719 3805 Lipphean,
735 3735 879 3807 Lippiam,
895 3736 1004 3807 Lippia.

259 3821 300 3893 (3)
318 3822 362 3878 At.
375 3821 504 3876 Bucholt.

259 3913 297 3983 (4)
315 3909 370 3966 nn.
384 3909 551 3982 Medusulli,
564 3909 728 3983 Nudusulli.

260 3999 299 4072 (5)
318 3999 371 4055 ΑΙΙ.
383 4000 520 4071 Augurii,
532 3999 643 4071 Angeri
650 4026 657 4062 ,·
672 3999 735 4054 cod.
747 4000 853 4053 Trevir.
875 4001 1001 4073 [sagarii.

260 4089 299 4160 (6)
318 4089 473 4144 Freherus:
489 4106 514 4142 c.
530 4087 725 4160 hyberuatnm.

261 4180 299 4251 (7)
317 4179 350 4230 D.
368 4179 455 4251 Bouq.
470 4196 533 4232 cum
549 4178 637 4231 Nuen.
655 4178 749 4233 comit.
760 4180 1064 4251 arcernEresburgum.
