3000 5272
377 407 436 466 132
815 402 1002 462 PlPPlNUS.

376 563 434 607 sus
449 537 501 632 (ι)
516 547 587 621 est,
603 533 871 632 etStepbanum
892 561 1019 632 papam
1036 559 1118 605 cum
1135 533 1289 607 Folrado
1301 532 1441 637 presby-

377 669 457 727 tero
490 651 675 752 capellano
713 667 748 725 et
782 678 859 725 non
890 653 1039 723 minima
1077 653 1302 727 Francorum
1334 680 1441 728 manu

374 773 526 846 Romam
536 770 685 844 remisit.
699 768 965 842 Karlomannus
975 784 1096 842 autem
1107 768 1319 861 monachus,
1332 769 1442 846 frater

374 888 489 988 regis,
505 887 567 987 qui
583 912 667 958 cum
679 882 874 958 Berthrada
891 886 1012 984 regina
1024 885 1063 957 in
1079 885 1219 961 Vienna
1229 885 1379 960 civitate
1389 914 1441 961 re·

374 1004 530 1091 mansit,
554 1003 764 1102 priusquam
787 1028 850 1074 rex
873 1002 918 1074 de
945 1003 1044 1075 ltalia
1061 1017 1318 1098 reverteretur,
1343 1002 1442 1078 febre

375 1134 583 1219 correptus,
596 1118 692 1191 diem
709 1116 802 1192 obiit
811 1145 823 1206 ς
836 1122 936 1217 cujus
950 1144 1081 1218 corpus
1088 1122 1189 1218 jussu
1202 1121 1295 1222 regis
1308 1120 1354 1194 ad
1369 1149 1442 1196 mo·

374 1235 572 1309 nasterium
585 1235 706 1306 Sancti
722 1233 927 1323 Benedicti,
944 1234 1070 1335 inquo
1082 1234 1337 1310 monachicum
1346 1236 1441 1312 habi·

375 1369 453 1426 tum
467 1368 687 1453 susceperat,
703 1351 858 1428 relatum
871 1367 936 1426 est.

816 1562 1002 1637 DGCLVl.

424 1722 639 1812 Haistulfus,
661 1750 724 1797 rex
748 1720 1090 1823 Langobardorum,
1112 1751 1333 1827 quamquam
1350 1754 1444 1802 anno

377 1841 563 1942 superiore
579 1839 720 1913 obsides
737 1840 909 1929 dedisset,
928 1839 1024 1915 etde
1042 1841 1221 1915 reddenda
1238 1860 1374 1919 sanctae
1389 1872 1445 1919 ro-

376 1983 493 2030 manae
519 1955 688 2029 Ecclesiae
715 1957 855 2054 justitia
884 1956 940 2054 (2)
963 1969 1037 2027 um
1063 1982 1099 2029 se
1123 1983 1233 2057 quam
1255 1961 1445 2058 optimates

377 2102 460 2149 suos
472 2073 707 2174 jurejurando
723 2072 996 2163 obstrinxisset,
1015 2071 1109 2145 nihil
1125 2074 1169 2147 de
1192 2077 1381 2174 promissis
1396 2081 1447 2176 (ὃ)

377 2218 486 2292 opere
508 2188 717 2289 complevit.
753 2190 907 2288 Propter
933 2188 1002 2262 hoc
1025 2189 1200 2290 Pippinus
1226 2218 1291 2267 rex
1316 2194 1446 2270 iterum

377 2331 460 2380 cum
472 2305 632 2380 exercitu
646 2305 785 2377 ltaliam
810 2305 983 2394 intrarit,
1003 2321 1038 2377 et
1055 2305 1275 2380 Haistulfum
1291 2311 1330 2383 in
1343 2313 1446 2412 Papia

378 2423 522 2497 civitate
540 2449 577 2495 se
594 2420 839 2495 includentem
863 2419 1026 2510 obsedit,
1046 2436 1082 2496 et
1103 2421 1293 2500 obsidione
1308 2426 1356 2500 ad
1379 2429 1448 2500 im-

379 2539 579 2639 pletionem
598 2537 860 2636 promissorum
875 2563 1024 2610 suorum
1037 2539 1227 2638 compulit.
1243 2525 1447 2617 Redditam·

300 2656 306 2668 '
380 2653 531 2757 quesibi
548 2657 757 2728 Ravennam
772 2669 806 2728 et
824 2654 1050 2753 Pentapolim
1063 2670 1100 2729 et
1119 2681 1266 2731 omnem
1282 2658 1446 2733 exarcha-

383 2789 461 2844 tum
482 2769 526 2843 ad
545 2772 751 2844 Ravennam
775 2771 1019 2870 pertinentem
1043 2772 1088 2844 ad
1110 2789 1274 2848 sanctum
1300 2777 1446 2852 Petrum

385 2887 551 2975 tradidit,
572 2901 680 2986 atque
704 2885 758 2959 his
776 2887 951 2986 peractis,
975 2888 1014 2960 in
1035 2887 1187 2962 Galliam
1204 2918 1369 2968 reversus
1383 2911 1445 2971 est.

382 3001 579 3076 Haistulfus
594 3016 713 3074 autem
731 3017 814 3101 post
833 3001 1019 3076 abcessum
1036 3008 1132 3104 ejus,
1152 3033 1236 3080 cum
1259 3012 1449 3087 meditare·

385 3139 464 3209 tur,
480 3116 666 3220 quomodo
684 3145 743 3190 sua
761 3119 934 3218 promissa
949 3147 1025 3194 non
1042 3139 1117 3196 tam
1140 3124 1327 3225 impleret,
1343 3156 1448 3231 quam

385 3238 508 3313 dolose
520 3264 573 3327 ea,
585 3250 667 3338 quae
683 3236 830 3336 ¹impleta
841 3236 999 3329 fuerant,
1017 3256 1271 3335 commutaret,
1287 3245 1327 3318 in
1343 3273 1449 3322 vena·

386 3357 487 3429 tione
511 3353 556 3427 de
582 3381 675 3454 equo
695 3380 760 3429 suo
784 3380 865 3426 casu
883 3355 1070 3456 prolapsus
1087 3375 1161 3448 est,
1179 3374 1288 3462 atque
1313 3389 1359 3437 ex
1384 3362 1450 3441 lroc

387 3472 600 3574 aegritudine
621 3487 826 3560 contracta,
847 3473 941 3545 intra
963 3501 1095 3573 paucos
1115 3475 1190 3551 dies
1215 3479 1361 3554 vivendi
1377 3496 1449 3556 ter-

387 3593 530 3664 minum
547 3591 602 3687 (4)
625 3589 724 3661 fecit.
753 3590 821 3662 Cui
850 3590 1071 3683 Desiderius,
1096 3595 1160 3694 qui
1184 3621 1306 3670 comes
1323 3597 1449 3672 stabuli

388 3712 463 3809 ejus
479 3722 576 3792 erat,
595 3707 762 3778 successit
781 3708 818 3778 in
837 3733 1002 3807 regnum.

423 3916 462 3986 (t)
480 3911 550 3969 Cod.
564 3910 726 3967 Vindobon.
741 3929 810 3986 990:
827 3932 963 3967 reversus.

421 4008 460 4076 (a)
478 4006 513 4059 Ι).
524 4004 610 4075 Bouq.
624 4011 650 4054 er
659 4001 700 4056 cd
712 4001 885 4056 reddendum
893 4021 926 4056 ea
933 4021 997 4074 qua
1004 4004 1139 4061 Romana
1151 4006 1275 4062 ecclesie
1285 4007 1450 4066 abstulerat.

423 4095 462 4165 (3)
480 4096 514 4150 D.
533 4095 618 4166 Bnuq.
636 4092 709 4146 nilu'l
717 4096 926 4163 promissorum.

425 4187 462 4256 (l)
481 4187 514 4238 l).
528 4185 724 4257 Bouqfinem.
