3000 5272
212 437 251 498 52
462 434 554 494 v1Ta
577 433 723 494 Kaliour
747 431 1021 495 Iurssusrouts

211 566 436 638 nuntiarent.
451 563 588 637 Extant
599 564 760 662 epistolae
769 563 815 637 ab
827 565 876 637 eis
885 563 929 637 ad
938 563 1043 637 illum
1053 565 1184 651 missae,
1196 563 1273 662 qui·

211 679 278 752 bus
289 679 491 780 hujusmodi
506 680 653 753 allectus
664 681 681 778 (
688 681 723 778 r)
734 705 863 754 eorum
872 705 954 780 erga
966 679 1070 752 illum
1083 677 1272 752 indicatur.

212 795 304 869 Cum
319 795 460 881 Aaron,
475 820 559 893 rege
571 796 782 882 Persarum,
799 796 864 897 qui
879 810 1027 894 excepta
1043 793 1144 869 India
1159 806 1272 868 totum

211 938 304 1010 pene
320 910 465 986 tenebat
481 911 686 1001 Orientem,
701 911 810 986 talem
826 910 953 985 habuit
969 912 1006 984 in
1021 910 1178 985 amicitia
1190 934 1272 984 con·

212 1030 386 1117 cordiam,
394 1044 436 1101 ut
446 1030 474 1101 is
483 1030 536 1126 (a)
546 1030 698 1128 gratiam
707 1032 781 1127 ejus
790 1029 1041 1130 omnium,qui
1052 1029 1090 1101 in
1100 1024 1272 1102 totoorbt

215 1163 393 1221 terrarum
405 1163 507 1221 erant
515 1200 526 1236 ,
541 1173 667 1247 regum
681 1172 722 1219 ac
737 1149 945 1246 principum
959 1146 1127 1219 amicitias
1140 1168 1272 1245 praepo

213 1283 333 1353 neret,
362 1265 551 1365 solumque
577 1265 680 1336 illum
708 1263 914 1338 honoreac
938 1261 1185 1336 munificentia
1210 1257 1272 1333 sibi

213 1382 405 1457 colendum
414 1381 608 1482 judicaret3
624 1406 665 1452 ac
676 1379 844 1479 proinde,
860 1406 941 1453 cum
956 1380 1062 1480 legati
1076 1381 1174 1477 ejus,
1187 1402 1272 1477 quot

214 1523 295 1569 cum
320 1498 480 1570 donariis
496 1496 540 1568 ad
557 1497 835 1567 sacratissimum
856 1495 1003 1567 Domini
1025 1520 1065 1567 ac
1087 1491 1272 1565 salvatoris

213 1616 329 1687 nostri
343 1616 395 1712 (3)
409 1614 613 1711 sepulcrum
626 1612 819 1710 locumque
833 1611 1107 1684 resurrectionis
1120 1610 1272 1696 miserat,

212 1730 257 1803 ad
273 1756 356 1803 eum
375 1733 574 1817 venissent,
598 1731 682 1804 etei
702 1729 841 1803 domini
869 1730 921 1800 sui
942 1727 1168 1802 voluntatem
1185 1724 1272 1799 indi·

213 1864 367 1932 cassent,
384 1874 460 1923 non
475 1848 592 1922 solum
607 1873 689 1946 quae
702 1843 919 1945 petebantur
932 1844 1010 1918 fieri
1023 1843 1206 1942 permisit,
1220 1842 1272 1917 seu

214 1965 322 2037 etiam
342 1990 482 2036 sacrum
501 1963 605 2036 illum
622 1980 658 2035 et
674 1963 865 2036 salutarem
881 1961 1020 2048 locum,
1040 1975 1082 2033 ut
1098 1959 1196 2033 illius
1210 1984 1272 2058 po

215 2080 333 2152 testati
346 2078 624 2166 adscriberetur,
644 2079 819 2153 concessit
828 2104 839 2165 ς
859 2095 896 2151 et
909 2075 1175 2152 revertentibus
1192 2075 1272 2177 legs

216 2197 261 2268 tis
275 2221 358 2270 suos
369 2195 586 2295 adjungens,
605 2197 702 2269 inter
713 2210 827 2270 vestes
841 2210 878 2269 et
892 2210 1070 2283 aromata,
1086 2210 1124 2268 et
1135 2210 1272 2268 oaetnn

214 2313 445 2388 orientalium
461 2327 640 2387 terrarum
653 2338 759 2411 opes,
775 2313 933 2412 ingentia
951 2313 1001 2385 illi
1016 2312 1111 2387 dona
1126 2311 1272 2400 direxit,

214 2456 295 2503 cum
315 2431 347 2504 ei
367 2445 451 2504 ante
463 2456 596 2528 pancos
608 2456 723 2505 annos
736 2456 819 2503 eum
830 2483 841 2518 ,
860 2456 969 2531 quem
983 2446 1072 2504 tunc
1084 2430 1204 2527 solum
1221 2430 1272 2504 ha·

213 2543 342 2632 bebat,
384 2547 527 2645 roganti
565 2547 727 2620 mitteret
760 2544 1005 2645 elephantum.
1043 2546 1272 2645 Imperatore

212 2664 321 2736 etiam
336 2662 751 2763 Consuntinopoliuni,
770 2662 1040 2760 Niciforusffl,
1060 2660 1215 2737 Michael
1228 2664 1268 2761 (5

215 2795 251 2852 et
267 2782 360 2866 Leo,
374 2779 474 2853 ultro
485 2781 679 2853 amicitiam
693 2807 733 2852 ac
746 2781 953 2854 societatem
967 2783 1042 2879 ejus
1054 2795 1272 2879 expetentes,

216 2897 419 2995 complures
433 2898 490 2994 (6)
508 2896 551 2970 ad
567 2924 650 2970 eum
664 2899 793 2972 misere
809 2897 956 2999 legatos.
976 2898 1068 2971 Cum
1084 2895 1218 2998 quibus
1234 2912 1272 2971 ta·

215 3041 300 3088 men
314 3029 467 3114 propter
479 3031 683 3114 susceptum
699 3043 718 3087 a
732 3042 770 3089 se
784 3017 1010 3116 imperatoris
1026 3042 1161 3091 nomen
1178 3032 1215 3091 et
1233 3015 1272 3091 ol

215 3131 285 3206 hoc
300 3132 373 3222 eis,
394 3133 494 3231 quasi
514 3133 578 3232 qui
597 3133 791 3231 imperium
808 3135 858 3207 eis
877 3135 1015 3234 eripere
1033 3130 1139 3208 vellet
1150 3188 1161 3222 ,
1182 3133 1272 3206 valdt

216 3263 440 3347 suspectum,
466 3247 586 3322 foedus
607 3248 853 3323 firmissimum
873 3252 998 3324 statuit
1015 3253 1093 3351 (7),
1118 3266 1161 3322 nt
1183 3249 1272 3323 nulla

250 3498 261 3564 (
267 3497 290 3566 r)
307 3493 398 3550 Codd.
411 3493 573 3549 Vindobon.
584 3492 638 3561 654
649 3504 678 3550 et
691 3494 843 3552 Florentia.
855 3496 983 3573 ψοίας.

249 3583 288 3653 (a)
305 3580 396 3637 Codd.
412 3579 573 3638 Vindobou.
586 3579 650 3656 667,
663 3581 735 3655 Reg.
751 3582 838 3639 Paria.
851 3583 931 3660 5927,
945 3594 975 3640 et
987 3584 1116 3641 Vatioau.
1131 3579 1205 3658 3392
1221 3581 1264 3637 Ιώ

217 3673 336 3748 reliqui:
358 3676 393 3729 is.

249 3763 288 3836 (3)
305 3762 377 3820 eod.
391 3763 462 3834 Reg.
476 3761 564 3817 Paris.
576 3760 663 3836 5926:
679 3766 827 3821 salvatoris
838 3765 943 3821 mancii.

250 3858 289 3928 (4)
309 3853 362 3911 All.
383 3853 554 3925 Nucisomr,
576 3853 644 3908 Nici
657 3859 745 3923 orius,
769 3857 961 3931 Ninicr'fhrus,
986 3853 1171 3926 Niciplsorus,
1196 3852 1272 3909 Nico-

208 3947 309 4018 jirrus,
325 3942 509 4015 Niclroforus,
527 3943 710 4015 Niclrefhrns,
727 3946 916 4019 Nicephorius.
934 3946 1089 4019 Naisorus,
1108 3943 1271 4016 Naiplmrus

251 4035 291 4104 (5)
310 4036 415 4108 Quinq.
433 4031 514 4087 codd.
531 4033 681 4089 lllr'clralrel.

250 4124 288 4193 (6)
306 4123 375 4179 Cod.
390 4122 525 4178 Cllrlslln.
543 4121 640 4194 Regin.
658 4122 709 4200 637
746 4126 936 4198 peramplum.
1063 4188 1068 4196 ι

253 4215 291 4285 (7)
309 4211 380 4268 Cod.
396 4211 517 4267 Florent.
533 4214 634 4279 posuit.
