3000 5272
209 412 271 473 330
606 406 888 467 HLUDOWICUS.

212 539 493 639 laboreredegit.
503 537 594 611 Nam
605 538 1036 639 postquamMormanus(
1043 534 1095 635 1),
1106 538 1171 637 qui
1182 539 1269 625 inea,

211 674 345 756 praeter
357 657 504 729 solitum
518 654 745 731 Brittonibus
759 681 914 743 morem,
928 656 1063 757 regiam
1081 652 1152 728 sibi
1166 656 1272 729 vindi-

213 792 354 850 caverat
378 791 614 875 potestatem,
640 773 684 847 ah
710 776 871 849 exercitu
894 775 1124 875 imperatoris
1148 774 1274 849 occicus

214 909 287 984 est,
321 893 444 966 nullus
472 894 591 967 Britto
620 892 871 967 inveniebatur
895 893 958 991 qui
988 893 1198 979 resisteret„
1225 904 1277 963 aut

213 1012 275 1110 qui
296 1012 468 1109 imperata
485 1009 621 1097 faeere,
639 1024 700 1081 aut
716 1011 778 1109 qui
796 1008 956 1097 obsides,
971 1010 1035 1109 qui
1047 1005 1276 1108 jubebantur,

213 1127 298 1200 dare
316 1143 498 1200 renueret.
519 1126 596 1220 Qua
616 1125 843 1225 expeditione
859 1125 1057 1224 completa,
1075 1148 1166 1197 cum
1182 1122 1279 1223 impe·

215 1256 329 1327 rator,
344 1241 492 1315 dimisso
507 1243 686 1332 exercitu,
703 1240 912 1342 Andegevos
929 1240 1117 1313 civitatem
1131 1252 1225 1315 erret
1235 1264 1280 1311 rr·

216 1385 358 1448 versus,
380 1359 613 1460 lrmingardis
632 1360 772 1460 regina,
797 1361 930 1456 conjux
953 1360 1047 1455 ejus,
1072 1382 1189 1457 quam
1210 1378 1281 1455 pro

218 1474 379 1548 iicisceus
410 1474 462 1547 ibi
490 1490 727 1575 aegrotantem
752 1476 955 1561 dimiserat,
986 1470 1134 1547 duobus
1169 1470 1282 1547 diebus

216 1605 407 1689 postquam
437 1592 513 1690 ipse
541 1590 585 1662 ad
613 1617 690 1665 eam
716 1594 840 1677 venit,
867 1586 1001 1664 morbo
1027 1586 1281 1671 invalescente,

217 1732 240 1780 v
270 1708 324 1805 (2)
354 1732 445 1780 non.
478 1706 603 1782 octob.
639 1707 800 1781 decessit.
830 1705 983 1805 Eclipsis
1016 1704 1104 1779 solis
1140 1702 1283 1803 contigit

220 1849 288 1895 v111
304 1824 352 1896 id.
361 1823 456 1923 julii.
472 1825 672 1923 Imperator
684 1850 747 1922 per
760 1824 1004 1921 Rotomagum
1019 1836 1057 1893 et
1074 1846 1144 1919 per
1153 1816 1284 1893 {imbir-

219 1966 286 2013 nos
300 1955 336 2012 et
350 1946 581 2012 Camaracum
596 1940 818 2039 Aquasgrani
832 1938 876 2011 ad
890 1937 1166 2011 hibernandum
1178 1962 1284 2011 rerer·

218 2083 295 2144 sus,
314 2084 397 2128 cum
413 2056 658 2130 Heristallium
675 2057 846 2143 venisset,
868 2052 995 2129 obvios
1011 2052 1146 2127 habuit
1164 2052 1283 2153 legatos

219 2174 376 2275 Sigonis,
388 2168 1282 2259 ducisBeneventanorum,d0nadefer-antemon

218 2317 289 2391 que
313 2291 358 2365 de
379 2318 466 2366 nece
487 2290 689 2366 Grimoaldi
716 2288 816 2361 ducis
846 2288 1082 2362 antecessoris
1106 2288 1165 2361 sui
1188 2312 1283 2363 excr-

219 2424 348 2482 santes.
365 2409 481 2481 Erant
505 2408 555 2479 ibi
569 2422 607 2480 et
617 2407 769 2479 aliarum
784 2407 977 2481 nationum
991 2404 1121 2505 legati,
1136 2400 1282 2479 Abodri-

220 2539 342 2598 torum
369 2524 536 2599 videlicet
557 2549 598 2595 ac
622 2524 772 2611 Bolnae,
799 2521 900 2595 ducis
929 2520 1283 2595 Guduscanorumet

221 2640 516 2715 Timotianorum
530 2640 606 2737 (ὅ),
622 2639 685 2739 qui
701 2664 851 2736 nupera
865 2637 1109 2739 Bulgarorum
1126 2636 1282 2711 societate

221 2756 443 2830 desciverant
455 2771 491 2831 et
504 2756 548 2828 ad
561 2772 705 2830 nostros
719 2756 808 2830 [ines
821 2782 857 2830 se
868 2756 1123 2845 contulerant,
1138 2752 1283 2829 simulet

222 2874 412 2949 Liudewiti
422 2877 492 2972 (4),
505 2873 607 2948 ducis
619 2875 817 2947 Pannoniae
829 2872 1025 2962 inferioris,
1039 2874 1107 2975 qui
1118 2898 1178 2947 rec
1189 2894 1282 2945 novus

223 2990 395 3077 moliens,
419 2989 615 3062 Cadolaum
638 2992 808 3063 comitem
828 3006 865 3065 et
886 3015 1017 3063 marcae
1036 2984 1282 3089 Forojuliemit

221 3107 435 3208 praesectum
462 3107 683 3181 crudelitatis
708 3124 745 3182 et
768 3107 970 3183 insolentiae
992 3132 1162 3181 accusare
1186 3128 1282 3179 cona-

221 3221 341 3295 batur.
368 3221 509 3318 Quibus
536 3221 585 3297 ibi
611 3223 740 3296 auditis
764 3241 872 3325 auluc
896 3222 1073 3309 dimissis,
1099 3223 1281 3323 imperator

223 3339 444 3443 Aquasgrani
463 3342 506 3415 ad
531 3340 761 3417 hiemandum
779 3341 964 3442 profectus
978 3356 1046 3415 est.

259 3671 297 3739 (1)
316 3668 362 3723 ΑΙ.
376 3668 560 3723 Marmaricus.

258 3759 297 3827 (a)
315 3755 385 3811 Cod.
400 3758 515 3811 Arman.
528 3757 558 3810 in
571 3766 629 3810 not.
645 3757 704 3809 aD.
719 3754 806 3827 Bouq.
822 3752 949 3807 laudatus
964 3776 969 3805 :
986 3770 1016 3805 vr
1031 3752 1110 3809 Non.
1127 3750 1223 3807 Octob.

257 3847 295 3917 (5)
316 3848 385 3903 eod.
402 3848 473 3920 lieg.
484 3848 571 3901 Paris.
583 3845 672 3921 59²4²
693 3848 928 3900 Timuciauorum.

258 3941 297 4007 (4)
314 3939 404 3995 Codd.
428 3939 557 3993 llannor.
579 3948 607 3991 rt
625 3935 786 3990 Vindobon.
807 3956 855 3988 ιιυ
876 3960 880 3985 :
902 3932 1068 3987 Ludewici:
1085 3928 1146 3985 cod.
1167 3924 1277 3983 vindob.

224 4050 275 4103 nno
292 4058 296 4082 ·.
316 4030 470 4084 Lirdnwiti
487 4029 584 4100 fragm.
602 4027 733 4100 Anrberg.
748 4024 912 4081 hindawret.
