3000 5272
208 394 269 455 ala
602 394 885 454 llLUDOWlCUS.

209 529 306 602 sulto
317 542 485 627 ruptum,
502 526 712 627 bellumque
725 528 891 601 adversus
904 552 987 602 eum
999 542 1278 628 susceptum-eat.

211 649 251 718 ln
271 646 396 719 ltalico
419 645 508 717 mari
535 659 619 718 octo
640 672 746 718 naves
771 645 1040 745 negotiatorum
1058 643 1106 719 de
1122 642 1281 717 Sardinia

211 763 254 834 ad
279 761 416 833 ltaliam
438 761 700 834 revertentium
724 789 742 832 a
767 762 892 860 piratis
913 778 1027 861 captae
1048 788 1093 836 ac
1114 761 1280 837 damase

211 893 310 950 sunt.
328 870 392 951 'lte
417 877 658 950 Nortmannia
681 904 768 952 vero
793 879 966 953 tredecim
985 879 1153 979 piraticae
1182 904 1282 954 navat

211 1021 378 1097 egressae,
396 997 517 1094 primo
536 997 573 1068 in
591 994 801 1071 Flandreusi
819 996 944 1070 littore
960 996 1116 1096 praedari
1134 996 1283 1072 molien-

213 1133 288 1202 tes,
312 1111 358 1185 ab
383 1115 425 1185 iis
448 1115 511 1212 qui
539 1114 576 1186 in
596 1113 765 1213 praesidio
789 1128 893 1187 erant
913 1114 1069 1214 repulsae
1093 1129 1206 1205 sunt,
1227 1113 1282 1186 ubi

213 1249 331 1306 tamen
350 1231 395 1303 ab
411 1232 460 1304 eis
475 1247 627 1332 propter
641 1230 833 1305 custodum
849 1231 1026 1304 incuriam
1042 1229 1284 1332 aliquotam

212 1347 299 1420 viles
316 1347 485 1436 incensae,
504 1364 541 1421 et
556 1373 686 1445 parvus
704 1347 843 1446 pecoris
861 1372 1034 1420 numerus
1049 1344 1205 1421 abactus
1219 1361 1282 1433 esu

214 1465 253 1536 in
267 1463 361 1536 ostio
374 1462 550 1561 Sequanae
565 1463 694 1534 similia
709 1477 940 1563 temptantes,
955 1460 1213 1537 resistentibus
1223 1460 1285 1536 sibi

212 1580 348 1653 littoris
360 1579 764 1681 custodibus,.quinque
778 1606 927 1653 suorum
941 1579 1163 1670 interfectis,
1179 1581 1286 1654 irrita

213 1697 451 1770 discesserunt
463 1724 475 1785 ;
498 1695 641 1768 tandem
663 1696 699 1766 in
721 1694 939 1796 Aquitanico
961 1696 1090 1771 littore
1108 1697 1286 1797 prosperis

213 1840 288 1886 usae
297 1811 529 1901 successibus,
542 1813 622 1884 vico
637 1811 795 1911 quodam
809 1814 871 1913 qui
882 1828 1032 1886 vocatur
1040 1812 1284 1911 Bundiumlr)

214 1929 258 2002 ad
276 1929 457 2027 integrum
476 1927 716 2027 depopulato,
737 1954 820 2001 cum
839 1931 977 2031 ingenti
996 1929 1121 2030 praeda
1137 1931 1186 2004 ad
1200 1954 1286 2031 pro·

213 2047 292 2149 pria
310 2072 462 2119 reversae
479 2061 577 2119 sunt.

263 2166 342 2236 Hoc
363 2189 461 2236 anno
494 2180 644 2262 propter
667 2168 769 2264 juges
796 2167 933 2265 pluvias
960 2181 997 2240 et
1025 2178 1152 2242 actem
1179 2168 1286 2242 nimio

214 2280 369 2354 humore
392 2280 613 2371 resolutum,
639 2307 766 2382 magna
787 2283 1015 2359 incommoda
1039 2284 1284 2387 coutigcnrut.

214 2399 308 2473 Nam
325 2415 361 2472 ct
379 2397 569 2473 hominum
586 2397 748 2473 etboum
763 2403 966 2500 pestilentia
979 2417 1053 2474 tam
1067 2403 1286 2504 immne(a)

215 2517 324 2617 longe
351 2516 492 2616 lateque
520 2533 674 2616 grassata
706 2536 781 2608 cst,
814 2520 942 2593 utrix
970 2520 1044 2593 ulla
1070 2546 1158 2621 pars
1184 2523 1286 2596 totius

215 2635 318 2734 regni
336 2635 560 2706 Francorum
573 2633 618 2706 uh
637 2634 702 2709 hac
725 2652 822 2735 peste
838 2637 1010 2710 immunis
1028 2652 1142 2739 atque
1161 2639 1285 2712 inueu

215 2753 329 2852 possit
356 2752 523 2823 inveniri.
544 2752 741 2828 Frumenta
763 2781 910 2856 quoque
936 2771 973 2830 et
994 2756 1204 2857 legumina,
1221 2757 1287 2830 im·

215 2867 336 2940 brium
348 2869 745 2971 assiduitatecorrupta,
757 2873 814 2947 vel
825 2873 945 2974 colligi
960 2899 1039 2947 uon
1050 2873 1286 2973 potemntvel

217 2985 367 3058 collecta
379 2985 729 3084 computrescebant.
746 2989 886 3064 Vinum
900 2990 1026 3080 etiam,
1044 2994 1151 3090 cujus
1162 3016 1287 3091 parvus

215 3118 414 3203 proventus
437 3101 564 3176 eodem
583 3129 680 3177 anno
701 3104 789 3195 l'uit,
805 3123 957 3207 propter
975 3106 1107 3181 caloris
1130 3107 1285 3209 inopium

216 3220 387 3295 acerbum
403 3237 439 3292 et
456 3220 601 3293 insuave
616 3220 737 3295 fiebat.
754 3225 796 3296 ln
809 3224 1025 3325 quibusdam
1038 3250 1130 3300 vero
1145 3225 1284 3300 lociccx

215 3337 454 3411 inundatione
471 3337 529 3436 (5)
547 3337 742 3413 lluminum
751 3395 762 3430 ,
782 3343 883 3442 aquis
900 3343 939 3416 in
956 3343 1068 3444 plauo
1085 3343 1283 3445 stagnanti-

215 3454 303 3543 bus,
322 3454 540 3527 autumnalis
557 3456 648 3528 satio
666 3458 715 3529 ita
733 3458 903 3558 impedita
921 3475 995 3552 est,
1016 3476 1058 3533 ut
1074 3460 1222 3560 penitus
1236 3457 1283 3531 nil

214 3571 363 3673 frugum
380 3587 464 3645 ante
480 3574 582 3644 verni
601 3573 813 3672 temperiem
829 3575 886 3674 (4)
908 3576 1165 3652 seminaretur.
1191 3579 1282 3651 Luna

249 3915 289 3984 (ι)
307 3910 532 3986 Buynbundium
544 3909 620 3983 apud
629 3908 750 3964 Annales
760 3909 878 3965 Lauriss.

250 4005 289 4075 (a)
307 4003 342 4056 lt.
359 4001 447 4075 Bouq.
464 4012 521 4054 tum
534 4002 700 4053 immuniter.

249 4092 288 4165 (5)
307 4095 387 4147 Perta
403 4117 408 4144 :
423 4091 458 4146 dc
470 4090 661 4146 iuumlalione.

251 4184 289 4250 (l)
310 4183 342 4234 tt.
358 4182 445 4252 Bouq.
460 4198 578 4233 aurnum
592 4187 709 4247 tempus.
