3000 5272
208 396 269 457 266
647 393 836 452 tructus.

209 539 292 621 post
314 547 389 595 non
413 522 546 595 multos
571 522 644 594 dies
669 524 890 622 Aquasgraui
910 523 1081 610 venicus,
1106 520 1275 597 Karolum

210 639 324 712 filium
349 668 453 713 suum
482 643 517 712 iu
546 658 676 712 terram
705 640 913 714 Sclavorum
938 641 994 736 (1)
1018 641 1084 740 qni
1109 639 1277 713 dicuutur

210 755 356 846 Sorabi,
376 773 412 830 et
428 757 553 832 sedent
569 784 675 856 super
687 756 810 830 Albim
828 756 1001 846 lluvium,
1021 782 1107 830 cnm
1123 757 1279 831 exercitu

209 876 328 963 misit,
357 875 393 947 in
419 901 487 974 qua
513 874 742 974 expeditione
767 873 965 951 Miliduoch
988 875 1045 974 (a)
1071 873 1280 949 Seianorum

209 991 284 1064 dux
304 992 515 1066 interfectus
532 1007 604 1084 est,
623 991 767 1093 duoque
786 991 927 1067 castella
948 990 994 1065 ab
1015 992 1183 1067 exercita
1198 988 1282 1065 odi·

211 1109 333 1194 licata,
348 1135 463 1182 unum
475 1136 581 1210 super
594 1111 710 1209 ripam
722 1109 882 1183 lluminis
896 1110 984 1184 Salae
992 1162 1003 1199 ‚
1017 1109 1179 1184 alterum
1184 1112 1282 1209 iuxta

212 1225 363 1297 lluvium
378 1225 516 1299 Albim.
534 1227 738 1328 sclavisque
752 1229 905 1327 pacatis,
921 1226 1077 1303 Karalus
1089 1253 1178 1301 cum
1191 1252 1283 1301 exer

212 1344 287 1415 citu
312 1371 508 1444 regressus,
535 1346 573 1418 in
598 1345 680 1420 loco
700 1348 764 1446 qui
785 1345 920 1419 dicitur
939 1344 1018 1418 Silli
1041 1370 1155 1445 super
1171 1345 1283 1445 ripam

212 1458 324 1532 Mosae
352 1459 513 1532 lluminis
539 1459 583 1532 ad
615 1461 869 1558 imperatorem
893 1461 1007 1535 venit.
1039 1460 1150 1533 Missa
1175 1474 1232 1535 ost
1251 1474 1284 1533 et

212 1601 338 1648 manus
355 1575 399 1649 de
420 1578 577 1675 Bajoaria
594 1592 632 1651 et
652 1576 865 1649 Alamannia
881 1593 989 1678 atque
1007 1574 1222 1677 Burgundio
1237 1575 1284 1647 si·

213 1707 276 1763 cut
292 1717 389 1765 anno
404 1693 589 1791 superiore
606 1693 643 1765 in
660 1708 792 1766 terram
809 1690 976 1767 Beelaeim
990 1692 1044 1791 (ὅ)
1053 1744 1066 1779 ,
1079 1705 1283 1791 vastataque

214 1821 321 1880 terrae
335 1833 410 1881 non
423 1808 573 1880 minima
589 1808 777 1906 portione,
793 1807 927 1909 absque
940 1806 1016 1883 ullo
1029 1807 1134 1909 gravi
1147 1807 1283 1883 incom-

214 1921 325 1995 modo
335 1948 504 2022 regressa.
519 1922 659 1998 Eodem
670 1950 768 2000 anno
781 1925 818 1996 in
831 1924 1013 1998 Corsicam
1024 1922 1184 1997 insulam
1198 1947 1283 1996 cun-

216 2052 269 2109 tra
284 2039 428 2112 Mauros
437 2041 499 2140 qui
515 2066 592 2114 eam
605 2038 793 2112 vastabant
807 2039 924 2112 classis
936 2036 980 2114 de
990 2037 1090 2113 ltalia
1101 2036 1282 2139 al’ippiuo

215 2152 318 2225 missa
333 2170 406 2245 est,
420 2157 519 2254 cujus
537 2155 731 2228 adventum
745 2155 862 2227 Mauri
875 2180 952 2229 non
967 2149 1282 2254 expectantesaha-

216 2286 397 2344 cesserunt
406 2300 417 2357 ς
433 2297 527 2344 unus
543 2287 662 2346 tamen
681 2287 909 2359 nostrorum,
928 2271 1159 2344 Hadumarus
1170 2293 1281 2345 comes

216 2390 370 2462 civitatis
394 2391 551 2480 Genuae,
578 2390 827 2490 imprudenter
854 2404 982 2464 contra
1005 2413 1067 2464 eos
1090 2386 1279 2475 dimicans,

215 2505 351 2580 occisus
363 2523 425 2580 est.
443 2509 484 2579 lu
498 2508 665 2607 Hispania
681 2532 789 2594 vero,
808 2506 957 2579 Navarri
971 2520 1009 2579 et
1025 2503 1282 2605 Pampiloneu·

215 2647 287 2709 ses,
304 2622 632 2722 qui·superioribus
646 2624 750 2695 annis
766 2621 811 2695 ad
827 2624 1041 2697 Sarracenos
1054 2619 1277 2710 defecerant,

217 2737 254 2808 iu
276 2735 383 2810 fidem
407 2740 540 2837 recepti
564 2753 663 2811 sunt.
684 2738 809 2810 Classis
824 2765 843 2810 a
860 2736 1025 2812 Niciforo
1044 2737 1278 2836 imperatore,

216 2854 272 2925 cui
298 2854 421 2928 Niceta
450 2857 621 2954 patricius
647 2871 822 2954 praeerat,
850 2853 894 2927 ad
921 2854 1210 2954 recuperandam
1234 2852 1279 2952 (l)

218 2964 429 3037 Dalmatiam
453 2967 626 3052 mittitur,
651 2982 688 3039 et
710 2967 813 3068 legati
836 2967 898 3066 qui
922 2980 1006 3041 ante
1027 2980 1192 3067 quatuor
1215 2964 1280 3040 sere

218 3108 332 3156 annos
344 3082 389 3155 ad
401 3110 521 3182 regem
534 3085 722 3156 Persarum
733 3085 830 3157 missi
846 3099 952 3173 sunt,
968 3111 1034 3185 per
1046 3084 1142 3184 ipsas
1150 3082 1280 3157 Graeca

218 3225 302 3271 rum
319 3201 463 3271 navium
480 3203 651 3274 stationes
665 3203 877 3288 transvecti,
891 3201 934 3274 ad
945 3201 1149 3277 Tarvisiani
1161 3216 1278 3301 portu

218 3316 501 3415 receptaculum,
515 3317 618 3390 nullo
631 3317 916 3391 adversariorum
928 3318 1126 3407 sentiente,
1140 3317 1276 3420 regressi

251 3642 289 3710 (a)
308 3640 344 3694 In
360 3650 462 3695 terram
485 3643 660 3707 sclavorum,
679 3643 724 3696 his
742 3641 855 3696 vocibus
868 3641 968 3714 incipit
988 3639 1073 3695 codex
1089 3638 1277 3714 Ambeagensit

217 3733 245 3784 in
260 3729 464 3802 prolegomenis
475 3729 641 3804 descriptus.

248 3822 289 3889 (a)
307 3820 361 3876 All.
377 3820 544 3887 Miliduohc,
561 3821 728 3886 miliduoch,
745 3820 891 3875 Miliduoh.

251 3908 289 3980 (3)
308 3910 430 3965 Nuenar.
445 3930 517 3966 com.
532 3911 784 3966 Belzemannorum.

251 4003 289 4070 (4)
310 4002 350 4054 lta
365 4000 467 4054 habent
481 4000 602 4054 Nuenar.
618 4018 718 4067 comes,
736 4001 873 4055 Freherus
884 4000 955 4054 etl).
971 3998 1060 4072 Bouq.
1073 3997 1212 4063 -Perta,
1223 4010 1276 4051 eum

219 4091 301 4146 codd.
319 4091 442 4146 lindob.
457 4089 523 4157 654,
542 4091 609 4163 ch.
627 4092 712 4146 Paris.
728 4090 797 4164 59²⁴
819 4101 847 4143 et
861 4090 995 4163 Amberg.
1014 4086 1237 4161 reciperandam.
1251 4110 1275 4121 -

216 4181 304 4235 Codd.
326 4184 449 4236 llannov.
465 4194 493 4236 et.
509 4181 690 4240 Vindobona.
708 4201 755 4235 110
769 4192 795 4235 ct
809 4199 861 4253 99⁰
876 4205 879 4231 :
896 4178 1095 4249 recipiendum.
