3000 5272
219 468 254 523 to
453 460 560 521 'Vl'l'll
581 460 729 521 Kanott
752 461 1023 522 lnrtnlronls.

211 591 402 693 Pippinus,
420 609 521 692 pater
531 595 656 666 Karoli
672 595 783 694 regia,
799 597 872 692 jam
883 595 982 668 velut
998 594 1213 669 hereditario
1227 598 1278 694 (ι)

210 708 442 810 fungebatur.
472 709 565 783 Nam
587 727 688 810 pater
713 714 787 810 ejus
810 713 985 800 Karolus,
1014 714 1077 812 qni
1106 727 1280 813 tyrannos

210 854 276 927 per
296 842 410 902 totam
429 828 617 902 Franciam
637 828 865 902 dominatum
886 827 953 901 sibi
971 830 1191 902 vindicantes
1206 857 1280 928 op-

213 945 360 1044 pressit,
386 960 424 1018 et
450 947 662 1020 Sarracenos
690 944 843 1018 Galliam
865 973 1040 1046 occupare
1065 962 1281 1045 temptantes

211 1060 353 1137 duobus
372 1065 510 1164 magnis
527 1063 660 1164 praeliis
670 1117 682 1154 ,
702 1090 777 1138 uno
792 1065 830 1136 in
848 1064 1039 1165 Aquitania
1056 1065 1150 1164 apnd
1168 1066 1281 1137 Picta·

211 1181 313 1254 vium
326 1181 384 1279 (a)
402 1182 603 1270 civitatem,
621 1181 735 1255 altero
747 1184 849 1280 juxta
867 1181 1075 1256 Narbonem
1090 1182 1184 1281 apud
1197 1183 1282 1254 Bir-

211 1325 290 1373 ram
312 1299 370 1398 (ὅ)
394 1298 567 1389 fluvium,
595 1301 644 1372 ita
668 1299 823 1389 devicit,
849 1315 892 1372 nt
920 1302 960 1373 in
986 1301 1192 1400 Hispaniam
1219 1327 1281 1375 eos

211 1415 330 1491 redire
341 1417 588 1515 compelleret,
603 1415 770 1490 eumdem
783 1418 1042 1517 magistratum,
1058 1445 1076 1488 a
1092 1432 1193 1516 patre
1202 1417 1282 1516 Pip-

211 1533 301 1632 pino
323 1532 391 1607 sibi
414 1534 621 1624 dimissum,
650 1536 789 1634 egregie
812 1535 1088 1608 amministravit
1111 1537 1185 1635 (4);
1216 1538 1281 1635 qui

213 1651 333 1727 honor
348 1678 426 1727 non
447 1653 524 1726 aliis
543 1679 561 1724 a
577 1651 715 1752 populo
731 1652 807 1725 dari
825 1668 1079 1739 consueverat,
1100 1679 1209 1752 qnam
1226 1651 1281 1724 bis

212 1767 276 1866 qni
299 1782 336 1840 et
359 1767 520 1842 claritate
542 1768 681 1868 generis
697 1783 734 1840 et
756 1793 869 1866 opum
885 1765 1121 1867 amplitudine
1143 1767 1281 1841 caeteris

214 1883 436 1959 eminebant.

261 2001 368 2076 Hunc
390 2028 472 2076 cum
490 2003 686 2102 Eppium,
706 2016 808 2102 pater
824 2002 948 2076 Karoli
966 2003 1077 2102 regis,
1100 2000 1146 2075 ab
1162 2028 1230 2076 avo
1246 2020 1283 2077 et

212 2133 315 2217 patre
331 2115 399 2192 sibi
417 2133 455 2191 et
473 2117 577 2191 fratri
599 2118 848 2192 Karlomanno
866 2118 1123 2216 (5)relictnm,
1143 2145 1281 2191 summa

214 2259 299 2308 oum
318 2261 363 2310 eo
386 2237 579 2310 concordia
602 2235 775 2324 divisum,
803 2236 942 2337 aliquot
963 2237 1067 2310 annia
1090 2236 1190 2311 velut
1214 2236 1282 2309 sub

212 2375 297 2452 rege
319 2367 521 2427 memorato
544 2353 735 2439 tenuisset,
762 2351 874 2426 frater
897 2356 973 2452 ejus
995 2351 1279 2441 Karlomannus,
1304 2400 1307 2405 -

214 2466 393 2541 incertum
409 2466 540 2568 quibus
554 2467 740 2555 decausis,
755 2484 876 2543 tamen
892 2469 1034 2542 videtur
1048 2467 1148 2569 quod
1159 2493 1283 2543 amore

213 2586 496 2659 conversationis
510 2587 801 2685 contemplativae
812 2612 1016 2679 suocensus,
1030 2612 1181 2685 operosa
1192 2601 1284 2660 tem-

213 2703 345 2801 pomlis
369 2706 471 2804 regni
492 2706 816 2779 amministratione
840 2706 984 2795 relicta,
1013 2707 1166 2779 Romam
1186 2731 1222 2778 se
1244 2706 1281 2778 in

212 2816 332 2890 otium
360 2818 534 2905 contulit,
560 2818 683 2919 ibique
709 2819 836 2893 habitu
857 2836 1064 2919 permutato
1086 2818 1283 2895 monachus

213 2931 345 3020 factus,
367 2934 405 3006 in
421 2949 546 3008 monte
563 2935 710 3008 Soracte
721 2935 775 3032 (6)
797 2936 891 3034 apud
907 2937 1090 3011 ecclesiam
1101 2936 1197 3013 beati,
1212 2935 1284 3009 Sil-

214 3049 324 3121 reatri
341 3062 553 3123 constructo
564 3050 783 3123 monasterio
792 3103 803 3137 ,
819 3076 902 3122 eum
917 3049 1090 3125 fratribus
1107 3051 1284 3126 secum'ad

213 3161 284 3238 boc
304 3163 532 3237 venientibus
549 3191 613 3265 per
629 3164 768 3265 aliquot
785 3190 900 3239 annos
921 3182 1043 3265 optata
1059 3167 1181 3267 quiete
1196 3193 1285 3266 per-

212 3277 361 3353 fruitur.
380 3280 449 3354 Sed
469 3306 552 3355 eum
573 3308 618 3355 ex
638 3282 786 3355 Francia
808 3283 913 3355 multi
936 3281 1117 3358 nobilium
1134 3281 1184 3358 ob
1199 3298 1284 3356 vota

248 3625 287 3694 (1)
307 3623 332 3677 N
335 3627 464 3680 nonarius
481 3644 586 3693 comes,
602 3646 666 3682 cum
677 3627 762 3682 duob.
779 3627 872 3695 codd„
888 3628 1055 3683 hereditario
1067 3629 1140 3701 iure.

249 3713 289 3786 (a)
306 3714 339 3770 C.
355 3715 503 3772 Christinae
516 3717 587 3791 Reg.
601 3716 653 3794 637
668 3742 674 3771 ι
690 3719 842 3782 Pictavim;
853 3718 925 3775 Cod.
935 3718 1006 3792 neg.
1018 3719 1105 3774 Paris.
1118 3715 1206 3794 5943:
1221 3719 1284 3775 Pic-

220 3814 313 3861 tavam
324 3834 332 3869 ‚·
347 3806 421 3862 idem
434 3807 540 3865 habent
552 3807 634 3864 codd.
648 3808 718 3882 lleg.
731 3809 794 3864 Par.
809 3807 879 3884 5927
891 3820 920 3864 et
931 3806 1011 3876 5554.

249 3892 290 3969 (3)
307 3895 371 3953 Nou
391 3898 461 3954 nulli
482 3898 563 3955 codd.
584 3898 723 3973 Byrramr
746 3898 837 3955 Codd.
858 3898 1012 3955 Florentio.
1034 3908 1062 3953 et
1082 3898 1171 3954 Paris.
1190 3894 1281 3972 5925:

218 3984 358 4061 Pyrram5
372 3988 406 4047 c:
421 3990 525 4045 Christ.
541 3990 641 4064 Regin.
657 3989 709 4064 692
725 4012 731 4043 ι
748 3988 866 4044 Buram.

250 4075 289 4148 (l)
307 4076 466 4133 Recentior.
481 4077 562 4133 codd.
578 4078 795 4145 adnatantravit,
809 4087 838 4130 et
853 4094 952 4149 supra,
968 4072 1246 4131 adnumerationem.

253 4164 292 4235 (5)
309 4166 364 4224 All.
383 4167 829 4235 Karlamaana‚1arolomaano,
849 4165 1046 4221 tartonam.

251 4251 291 4324 (6)
309 4254 361 4311 All.
379 4257 511 4324 Soracte,
527 4257 639 4326 Sarute,
655 4257 777 4330 Seraptr',
794 4257 928 4330 Sparte,
945 4255 1070 4328 Syrapti.
