3000 5272
392 432 454 492 226
830 425 1020 487 nanctus.

392 563 528 662 partito
545 559 705 633 exercitu
724 559 915 632 Saxoniam
932 574 1054 658 petere
1072 560 1219 648 statuit,
1238 584 1283 635 co
1298 559 1462 636 videlicet

392 678 521 770 modo,
537 692 578 747 ut
595 674 669 776 ipse
684 701 768 748 cum
782 675 928 748 dimidia
942 691 1045 777 parte
1057 678 1242 777 copiarum
1255 676 1304 751 ab
1315 680 1458 752 australi

390 813 493 898 parte
510 796 681 880 intraret,
700 792 855 868 Karolus
871 820 958 868 vero
981 793 1075 866 filius
1097 797 1172 895 ejus
1191 821 1277 867 cum
1298 795 1367 868 alia
1387 823 1457 870 me·

390 912 522 986 dietate
542 913 704 984 Hrenum
723 909 819 1008 apud
837 910 1027 983 Coloniam
1046 912 1230 1000 traiceret,
1255 928 1295 986 ct
1318 912 1359 986 in
1380 940 1456 988 ean·

390 1029 472 1104 dem
489 1030 674 1130 regionem
694 1025 740 1098 ab
760 1027 947 1101 occidente
966 1029 1119 1102 veniret.
1140 1027 1222 1121 Quo
1241 1028 1359 1118 facto,
1378 1030 1458 1106 licet

391 1147 548 1218 Saxones
574 1145 611 1215 in
637 1168 764 1242 campo
792 1145 855 1243 qui
879 1143 1060 1217 Sinotfeld
1086 1147 1142 1244 (r)
1169 1161 1334 1235 vocatur,
1362 1150 1455 1249 quasi

390 1262 556 1363 praelium
579 1287 662 1333 cum
687 1287 769 1360 rege
795 1262 1020 1334 commissuri
1046 1263 1310 1354 consedissent,
1338 1263 1455 1366 ibique

389 1377 584 1451 adventum
593 1380 667 1476 ejus
677 1377 948 1475 opperirentur,
960 1379 1083 1452 amissa
1092 1380 1255 1454 victorie
1265 1406 1343 1480 spe,
1352 1406 1454 1483 quam

388 1491 457 1566 sibi
474 1493 582 1592 paulo
596 1508 679 1566 ante
693 1492 782 1568 falso
796 1491 1076 1593 pollicebantur,
1092 1494 1135 1567 ad
1147 1493 1373 1571 deditionem
1384 1522 1454 1571 om-

387 1636 453 1685 nes
467 1611 630 1685 conversi
647 1625 750 1698 sunt,
768 1610 926 1711 victique
942 1611 1019 1683 sine
1034 1610 1182 1709 praelio,
1202 1613 1297 1713 regia
1312 1613 1455 1689 victoris

388 1725 558 1826 potestati
581 1751 619 1799 se
637 1723 888 1798 subdiderunt.
909 1726 1098 1798 Dederunt
1114 1726 1224 1826 igitur
1242 1725 1407 1817 obsides,
1422 1744 1455 1803 et

381 1843 618 1944 jurejurando
627 1840 779 1916 fidemse
788 1844 864 1943 regi
874 1868 1014 1917 servare
1024 1844 1115 1918 velle
1124 1845 1391 1944 promiserunt.
1402 1846 1454 1919 Sic

385 1961 521 2035 omisso
543 1958 690 2059 praelio,
719 1975 756 2033 et
778 1959 934 2032 Saxones
959 1960 1110 2032 domum
1131 1961 1266 2034 reversi
1291 1977 1397 2050 sunt,
1421 1977 1454 2036 et

386 2103 469 2166 tex,
486 2077 695 2150 transmisso
710 2077 835 2150 Hreno
844 2131 854 2164 ,
871 2077 909 2149 in
923 2076 1077 2150 Galliam
1092 2103 1129 2151 se
1145 2078 1284 2177 recepit
1293 2107 1305 2167 3
1324 2092 1452 2153 etcum

387 2193 609 2294 Aquasgrani
624 2193 792 2279 venisset,
809 2191 943 2266 ibidem
957 2191 1119 2269 hibernis
1133 2192 1286 2285 habitis,
1304 2211 1343 2269 et
1357 2194 1453 2269 Nata·

388 2312 460 2387 lem
472 2312 620 2386 Domini
634 2326 671 2386 et
683 2309 812 2382 Pascha
829 2310 1037 2385 celebravit.

823 2519 1027 2594 DCCXCV.

436 2686 664 2783 Quamquam
682 2684 840 2757 Saxones
858 2697 980 2756 aestate
994 2685 1178 2782 preterita
1194 2700 1232 2758 et
1247 2684 1392 2760 obsides
1402 2683 1452 2757 de·

386 2803 545 2890 dissent,
578 2818 615 2874 et
643 2800 841 2874 secundum
871 2801 969 2900 quod
992 2802 1081 2899 jussi
1110 2816 1216 2875 erant
1240 2817 1450 2878 sacramenta

382 2923 581 3018 jurassent,
599 2941 664 2989 rex
680 2931 802 2989 tamen
818 2915 966 2988 illorum
978 2914 1140 3015 perfidiae
1157 2942 1235 2992 non
1250 2918 1447 3000 immemor,

385 3049 606 3110 conventum
626 3031 828 3132 generalem
850 3048 948 3105 trans
968 3033 1133 3107 Hrenum
1157 3036 1196 3107 in
1218 3032 1305 3109 villa
1325 3034 1449 3109 Gull‘cr·

385 3152 479 3226 stein
492 3153 564 3252 (a),
579 3175 663 3251 quaa
672 3174 781 3248 super
793 3151 962 3224 Moenum
975 3152 1172 3252 contra(3)
1185 3152 1447 3254 Mogontiacum
1492 3222 1494 3229 .

385 3266 518 3342 urbem
530 3269 596 3339 sita
610 3282 684 3355 est,
702 3291 803 3339 more
815 3267 966 3340 solemni
985 3266 1129 3357 habuit,
1149 3282 1260 3370 atque
1276 3268 1365 3344 inde
1379 3289 1447 3341 cm

385 3387 548 3463 exercitu
569 3385 761 3458 Saxoniam
781 3384 977 3484 ingressus,
1002 3412 1096 3484 pene
1114 3399 1231 3459 totam
1250 3381 1446 3488 populu&

385 3503 601 3606 peragrarit.
616 3508 782 3601 Cumque
794 3502 830 3574 in
843 3527 972 3602 pagum
982 3501 1195 3604 Bartlengoo
1206 3503 1268 3603 (4)
1278 3522 1444 3604 pervent·-
1492 3515 1494 3519 ”

419 3780 459 3850 (ι)
477 3770 737 3845 Α11.8ὺιοτ]ε1ᾰιις,
754 3770 957 3844 Simtseldm,
977 3772 1118 3847 Sinqseld,
1141 3773 1302 3848 Summi,-
1316 3774 1352 3831 1),
1367 3772 1435 3840 [hoq.

385 3879 414 3924 et
428 3866 520 3922 Num.
533 3877 626 3916 oomes
640 3883 645 3911 ι
664 3858 789 3931 Sintselt.

418 3959 459 4028 (a)
476 3952 531 4009 All.
549 3947 716 4025 Cuffestein,
735 3945 891 4022 Crfflsten,
909 3946 1092 4024 Crffnstet'n.

418 4045 458 4116 (3)
476 4041 547 4099 Cod.
563 4041 688 4095 Hannon
701 4038 786 4110 juxta
799 4038 1018 4110 Mogmtiacum.

416 4137 457 4205 (l)
475 4131 527 4189 All.
545 4126 730 4197 Baradengou.
746 4123 925 4199 Burdenpoe.
943 4124 1113 4198 Barrleagoi.
