3000 5272
226 375 285 437 104
473 375 567 436 VITA
588 375 737 450 Kanum
760 377 1039 459 inremotus:

226 538 245 575 a
264 508 484 607 gemmisque
501 522 538 580 et
554 521 686 581 ornatu
706 507 806 606 regio
830 509 868 580 in
890 508 969 598 illa,
992 526 1034 582 ut
1055 507 1278 603 dictumest,

227 657 246 694 a
263 625 320 699 die
339 625 375 698 in
394 649 530 696 camera
547 628 621 721 ejus
638 640 779 722 poterat
803 625 981 714 inveniri,
1004 625 1125 725 primo
1141 627 1279 729 quidem

225 742 359 813 «trina
386 739 560 811 divisione
585 739 738 837 partitus
760 753 837 830 est,
855 738 983 814 deinde
1006 742 1146 815 easdem
1168 758 1279 843 parm

224 854 543 945 «subdividendo,
565 854 609 928 de
628 854 763 927 duabus
786 853 949 953 partibus
964 857 1093 958 viginti
1116 873 1156 932 et
1177 884 1280 933 unam

224 1006 242 1044 a
261 990 400 1072 partem
416 971 519 1058 fecit,
545 972 690 1045 tertiam
712 973 889 1072 integram
910 975 1111 1048 reservavit„
1135 973 1184 1048 Et
1201 975 1280 1050 dua·

224 1122 241 1162 a
261 1117 343 1162 rum
355 1089 500 1189 quidem
519 1089 676 1188 partium
691 1089 728 1161 in
738 1090 865 1191 viginti
883 1106 919 1165 et
932 1117 1042 1165 unam
1051 1107 1195 1191 partem
1209 1092 1280 1168 fao-

224 1237 243 1279 «
263 1221 298 1278 ta
321 1204 449 1278 divisio
473 1203 532 1276 tali
556 1205 697 1278 ratione
723 1206 887 1279 consistit
912 1221 974 1297 ut,
1005 1208 1090 1308 quia
1111 1209 1153 1283 in
1173 1233 1279 1311 regno

224 1321 357 1394 «illius
385 1320 676 1420 metropolitanae
702 1322 861 1394 civitates
888 1321 1018 1422 viginti
1043 1340 1080 1397 et
1106 1350 1180 1399 una
1212 1350 1279 1400 etue

223 1471 241 1509 a
262 1454 483 1525 noscuntur,
502 1463 727 1538 unaquaeque
751 1437 893 1510 illarum
913 1439 1070 1538 partium
1092 1440 1138 1513 ad
1154 1467 1279 1516 unam·

223 1573 440 1657 «quamque
460 1554 694 1653 metropolim
712 1579 777 1653 per
796 1581 922 1628 manus
943 1553 1115 1629 heredum
1135 1572 1174 1631 et
1193 1559 1278 1631 ami·

223 1704 242 1743 a
261 1697 389 1746 corum
399 1696 550 1745 suorum
563 1670 787 1745 eleemosinae
801 1672 950 1746 nomine
962 1675 1168 1773 perveniat,
1179 1689 1279 1751 etar-

222 1821 241 1860 α
261 1788 507 1887 ehiepiscopus
517 1787 579 1887 qui
589 1804 677 1860 tunc
688 1788 783 1861 illius
793 1789 949 1862 ecelesiae
960 1805 1083 1864 rector
1091 1793 1277 1885 exstiterit,

222 1937 241 1976 a
262 1919 401 2006 partem
419 1931 501 2004 quae
518 1903 561 1977 ad
579 1931 680 1976 suam
697 1906 879 1978 ecelesiam
897 1905 978 1979 data
995 1922 1048 1981 est
1066 1910 1276 2009 suscipient,

221 2054 241 2093 a
259 2048 342 2095 eum
364 2022 437 2094 suis
459 2021 687 2121 suffraganeis
710 2024 909 2120 partiatur,
935 2049 980 2097 eo
999 2022 1137 2099 scilieet
1152 2025 1275 2115 modo,

220 2171 240 2210 a
259 2155 300 2213 ut
313 2166 393 2239 pars
408 2138 511 2211 tertia
525 2165 598 2211 suae
612 2139 659 2209 sit
670 2138 845 2227 ecelesiae,
864 2139 945 2214 duae
960 2165 1046 2214 vero
1056 2157 1178 2240 partes
1191 2143 1278 2218 inter

220 2290 239 2329 «
258 2258 497 2359 suffraganeos
526 2255 745 2328 dividantur.
775 2257 911 2331 Harum
938 2257 1158 2333 divisionum
1166 2286 1277 2362 ,que

221 2407 240 2447 a
258 2403 303 2450 ex
316 2374 453 2449 duabus
469 2374 597 2474 primis
619 2372 780 2472 partibus
796 2372 899 2447 factae
916 2389 1020 2465 sunt,
1040 2392 1078 2450 et
1084 2380 1190 2478 juxta
1211 2404 1277 2453 me·

220 2524 239 2563 «
259 2491 562 2592 tropolitanarum
580 2491 636 2589 (ι)
662 2490 849 2562 civitatum
872 2516 1068 2565 numerum
1091 2494 1222 2594 viginti
1245 2510 1276 2567 et

219 2641 238 2679 «
256 2636 328 2683 una
353 2634 424 2681 esse
444 2623 661 2695 noscuntur,
689 2634 913 2709 unaquaeque
935 2607 981 2681 al)
1003 2608 1113 2684 altera
1138 2636 1276 2713 seqtres·

219 2758 238 2796 a
256 2740 362 2813 trata,
373 2725 539 2798 semotim
549 2725 972 2823 insuerepositoriocum
979 2729 1275 2830 superscriptione

219 2841 409 2915 «civitatis
434 2839 478 2912 ad
504 2866 613 2940 quam
635 2839 844 2938 perferenda
869 2857 940 2930 est,
965 2842 1153 2919 recondita
1171 2848 1272 2946 jaoet.

217 2992 236 3030 a
259 2959 416 3032 Nomina
442 2958 722 3056 metropolium,
747 2958 791 3030 ad
813 2986 900 3060 quas
922 2960 1045 3034 eadem
1068 2962 1273 3037 eleemosina

217 3109 236 3146 a
255 3077 328 3149 sive
358 3073 500 3173 largitio
525 3072 684 3146 facienda
709 3091 762 3147 est
784 3076 860 3174 (a),
886 3076 963 3150 haee
985 3094 1071 3152 sunt
1099 3110 1108 3151 ε
1138 3080 1271 3168 Roma,

217 3225 236 3264 a
255 3195 446 3278 Ravenna,
474 3189 735 3278 Mediolanum,
762 3192 896 3267 Forum
915 3192 1001 3268 Julii
1019 3195 1092 3293 (ὅ),
1117 3193 1270 3283 Gradus,

248 3454 287 3524 (ι)
306 3451 348 3505 lta
360 3450 429 3524 legit
441 3452 476 3504 D.
492 3451 579 3524 Bonq.
592 3469 657 3506 cum
670 3451 751 3506 codd.
763 3451 834 3525 Reg.
849 3452 936 3506 Pario.
948 3450 1018 3527 5997
1030 3461 1060 3508 et
1069 3448 1151 3528 5999.
1160 3452 1271 3509 -Nue-

212 3561 273 3599 oar.
286 3557 377 3594 comes
392 3563 396 3591 :
414 3541 683 3612 metropoliticarum.
695 3572 726 3580 -
735 3541 829 3609 Perta,
845 3540 891 3595 hic
903 3540 1025 3597 etinsra:
1037 3540 1272 3615 metropoleorum

247 3631 286 3699 (2)
304 3628 424 3683 Noenar.
440 3644 511 3680 com.
527 3626 596 3681 data
609 3623 658 3681 «εἰ.

246 3714 285 3788 (3)
303 3717 367 3770 ttaec
378 3715 520 3769 civitatum
534 3715 646 3769 nomina
656 3717 684 3769 iu
695 3714 776 3771 codd.
788 3726 817 3770 et
829 3714 911 3771 editis
923 3715 968 3770 his
980 3715 1061 3770 variis
1072 3714 1166 3771 modia
1176 3716 1271 3791 amipli

212 3807 362 3879 leguntur:
386 3804 527 3875 Forojulir'.
546 3835 577 3842 v-
596 3802 709 3872 Gradlr,
728 3804 854 3872 Vradus,
876 3803 1043 3860 Warendus.
1062 3834 1097 3845 —
1113 3805 1268 3880 Magorum.

210 3897 372 3968 allngoutia,
387 3894 597 3965 Mogontiacus,
611 3895 837 3967 Mogontiacum:
852 3895 974 3949 Nuenar.
989 3911 1099 3951 comes:
1114 3896 1269 3971 Moguntt'ffl

210 4005 280 4038 carn.
291 3984 494 4049 -Juuariam,
516 3982 679 4049 Juimur'nm,
698 3984 869 4047 thausum;
884 3983 990 4039 Ruberi
1003 3981 1086 4038 codd.
1103 3982 1268 4041 Iunonium

209 4075 454 4130 noeane-comes:
473 4073 620 4127 Virunum.
636 4105 670 4114 -
684 4075 809 4143 Salzhur,
825 4074 984 4147 Saltaburg,
1002 4072 1166 4143 Satzburch,
1181 4074 1268 4131 &1³2-

211 4166 309 4231 burch,
327 4163 490 4223 Salzcbtcrl.
511 4164 679 4223 Salrbmno.
703 4164 850 4236 Saltburg,
870 4164 1006 4236 Salbnrq,·
1020 4162 1143 4219 Nuenar·
1158 4180 1265 4221 nomae
