<?xml version="1.0" encoding="UTF-8"?>
<!DOCTYPE html PUBLIC "-//W3C//DTD XHTML 1.0 Transitional//EN"
    "http://www.w3.org/TR/xhtml1/DTD/xhtml1-transitional.dtd">
<html xmlns="http://www.w3.org/1999/xhtml" xml:lang="en" lang="en">
 <head>
  <title>
</title>
<meta http-equiv="Content-Type" content="text/html;charset=utf-8" />
  <meta name='ocr-system' content='tesseract 3.04.00' />
  <meta name='ocr-capabilities' content='ocr_page ocr_carea ocr_par ocr_line ocrx_word'/>
</head>
<body>
  <div class='ocr_page' id='page_1' title='image "./einhardiomniaqu01einhgoog_0273.png"; bbox 0 0 3000 5272; ppageno 0'>
   <div class='ocr_carea' id='block_1_1' title="bbox 650 385 837 447">
    <p class='ocr_par' dir='ltr' id='par_1_1' title="bbox 650 385 837 447">
     <span class='ocr_line' id='line_1_1' title="bbox 650 385 837 447; baseline 0.005 -5"><span class='ocrx_word' id='word_1_1' title='bbox 650 385 837 447; x_wconf 78' lang='lat' dir='ltr'><strong>Ktttotus.</strong></span> 
     </span>
    </p>
   </div>
   <div class='ocr_carea' id='block_1_2' title="bbox 651 580 837 652">
    <p class='ocr_par' dir='ltr' id='par_1_2' title="bbox 651 580 837 652">
     <span class='ocr_line' id='line_1_2' title="bbox 651 580 837 652; baseline 0 -2"><span class='ocrx_word' id='word_1_2' title='bbox 651 580 837 652; x_wconf 87' lang='lat' dir='ltr'><strong>DCCCVl.</strong></span> 
     </span>
    </p>
   </div>
   <div class='ocr_carea' id='block_1_3' title="bbox 210 739 1278 1425">
    <p class='ocr_par' dir='ltr' id='par_1_3' title="bbox 210 739 1278 1425">
     <span class='ocr_line' id='line_1_3' title="bbox 261 739 1275 839; baseline 0.003 -29"><span class='ocrx_word' id='word_1_3' title='bbox 261 740 389 811; x_wconf 81' lang='lat' dir='ltr'><strong>Statim</strong></span> <span class='ocrx_word' id='word_1_4' title='bbox 403 753 485 838; x_wconf 92' lang='lat' dir='ltr'><strong>post</strong></span> <span class='ocrx_word' id='word_1_5' title='bbox 497 739 657 812; x_wconf 76' lang='lat' dir='ltr'>Natalem</span> <span class='ocrx_word' id='word_1_6' title='bbox 674 739 822 812; x_wconf 88' lang='lat' dir='ltr'>Domini</span> <span class='ocrx_word' id='word_1_7' title='bbox 839 756 1018 814; x_wconf 75' lang='lat' dir='ltr'><strong>venerunt</strong></span> <span class='ocrx_word' id='word_1_8' title='bbox 1029 740 1210 815; x_wconf 88' lang='lat' dir='ltr'><strong>Willerus</strong></span> <span class='ocrx_word' id='word_1_9' title='bbox 1225 743 1275 839; x_wconf 87' lang='lat'><strong>(1)</strong></span> 
     </span>
     <span class='ocr_line' id='line_1_4' title="bbox 212 855 1277 944; baseline 0.002 -16"><span class='ocrx_word' id='word_1_10' title='bbox 212 872 248 928; x_wconf 93' lang='lat' dir='ltr'><strong>et</strong></span> <span class='ocrx_word' id='word_1_11' title='bbox 263 856 411 943; x_wconf 89' lang='lat' dir='ltr'><strong>Beatus,</strong></span> <span class='ocrx_word' id='word_1_12' title='bbox 430 855 536 928; x_wconf 89' lang='lat' dir='ltr'><strong>duces</strong></span> <span class='ocrx_word' id='word_1_13' title='bbox 550 855 734 944; x_wconf 84' lang='lat' dir='ltr'><strong>Venetiae,</strong></span> <span class='ocrx_word' id='word_1_14' title='bbox 760 883 902 932; x_wconf 85' lang='lat' dir='ltr'><strong>necnon</strong></span> <span class='ocrx_word' id='word_1_15' title='bbox 920 874 957 932; x_wconf 89' lang='lat' dir='ltr'><strong>et</strong></span> <span class='ocrx_word' id='word_1_16' title='bbox 978 858 1108 931; x_wconf 87' lang='lat' dir='ltr'><strong>Paulus</strong></span> <span class='ocrx_word' id='word_1_17' title='bbox 1128 857 1204 932; x_wconf 83' lang='lat' dir='ltr'><strong>dux</strong></span> <span class='ocrx_word' id='word_1_18' title='bbox 1223 860 1277 931; x_wconf 83' lang='lat' dir='ltr'><strong>Ja-</strong></span> 
     </span>
     <span class='ocr_line' id='line_1_5' title="bbox 210 971 1275 1074; baseline 0.002 -30"><span class='ocrx_word' id='word_1_19' title='bbox 210 971 327 1056; x_wconf 83' lang='lat' dir='ltr'><strong>derae,</strong></span> <span class='ocrx_word' id='word_1_20' title='bbox 359 988 466 1072; x_wconf 90' lang='lat' dir='ltr'><strong>atque</strong></span> <span class='ocrx_word' id='word_1_21' title='bbox 496 976 657 1046; x_wconf 80' lang='lat' dir='ltr'><strong>Donatus</strong></span> <span class='ocrx_word' id='word_1_22' title='bbox 693 973 850 1069; x_wconf 74' lang='lat' dir='ltr'><strong>ejusdem</strong></span> <span class='ocrx_word' id='word_1_23' title='bbox 883 974 1036 1047; x_wconf 84' lang='lat' dir='ltr'><strong>civitatis</strong></span> <span class='ocrx_word' id='word_1_24' title='bbox 1071 972 1275 1074; x_wconf 82' lang='lat' dir='ltr'><strong>episcopus,</strong></span> 
     </span>
     <span class='ocr_line' id='line_1_6' title="bbox 212 1087 1277 1192; baseline 0.006 -33"><span class='ocrx_word' id='word_1_25' title='bbox 212 1089 316 1186; x_wconf 83' lang='lat' dir='ltr'><strong>legati</strong></span> <span class='ocrx_word' id='word_1_26' title='bbox 339 1087 603 1178; x_wconf 75' lang='lat' dir='ltr'><strong>Dalmatarum,</strong></span> <span class='ocrx_word' id='word_1_27' title='bbox 627 1089 669 1160; x_wconf 91' lang='lat' dir='ltr'><strong>ad</strong></span> <span class='ocrx_word' id='word_1_28' title='bbox 693 1092 921 1189; x_wconf 84' lang='lat' dir='ltr'><strong>praesentiam</strong></span> <span class='ocrx_word' id='word_1_29' title='bbox 948 1090 1177 1192; x_wconf 82' lang='lat' dir='ltr'><strong>impemtoris</strong></span> <span class='ocrx_word' id='word_1_30' title='bbox 1199 1117 1277 1165; x_wconf 85' lang='lat' dir='ltr'><strong>cum</strong></span> 
     </span>
     <span class='ocr_line' id='line_1_7' title="bbox 210 1205 1278 1308; baseline 0.003 -30"><span class='ocrx_word' id='word_1_31' title='bbox 210 1206 349 1304; x_wconf 81' lang='lat' dir='ltr'><strong>magnis</strong></span> <span class='ocrx_word' id='word_1_32' title='bbox 363 1205 480 1278; x_wconf 91' lang='lat' dir='ltr'><strong>donis.</strong></span> <span class='ocrx_word' id='word_1_33' title='bbox 496 1208 545 1278; x_wconf 89' lang='lat' dir='ltr'><strong>Et</strong></span> <span class='ocrx_word' id='word_1_34' title='bbox 557 1205 648 1277; x_wconf 86' lang='lat' dir='ltr'><strong>facta</strong></span> <span class='ocrx_word' id='word_1_35' title='bbox 663 1222 716 1279; x_wconf 88' lang='lat' dir='ltr'><strong>est</strong></span> <span class='ocrx_word' id='word_1_36' title='bbox 734 1205 782 1278; x_wconf 90' lang='lat' dir='ltr'><strong>ibi</strong></span> <span class='ocrx_word' id='word_1_37' title='bbox 798 1207 982 1282; x_wconf 84' lang='lat' dir='ltr'><strong>ordinatio</strong></span> <span class='ocrx_word' id='word_1_38' title='bbox 997 1205 1043 1279; x_wconf 86' lang='lat' dir='ltr'><strong>ab</strong></span> <span class='ocrx_word' id='word_1_39' title='bbox 1064 1208 1278 1308; x_wconf 75' lang='lat' dir='ltr'><strong>imperatore</strong></span> 
     </span>
     <span class='ocr_line' id='line_1_8' title="bbox 211 1318 1276 1425; baseline 0.002 -33"><span class='ocrx_word' id='word_1_40' title='bbox 211 1321 256 1393; x_wconf 91' lang='lat' dir='ltr'><strong>de</strong></span> <span class='ocrx_word' id='word_1_41' title='bbox 273 1318 424 1393; x_wconf 87' lang='lat' dir='ltr'><strong>ducibus</strong></span> <span class='ocrx_word' id='word_1_42' title='bbox 445 1337 482 1393; x_wconf 89' lang='lat' dir='ltr'><strong>et</strong></span> <span class='ocrx_word' id='word_1_43' title='bbox 506 1321 647 1421; x_wconf 92' lang='lat' dir='ltr'><strong>populis</strong></span> <span class='ocrx_word' id='word_1_44' title='bbox 675 1337 747 1392; x_wconf 86' lang='lat' dir='ltr'><strong>tam</strong></span> <span class='ocrx_word' id='word_1_45' title='bbox 764 1321 928 1396; x_wconf 74' lang='lat' dir='ltr'><strong>Venetiae</strong></span> <span class='ocrx_word' id='word_1_46' title='bbox 950 1350 1060 1425; x_wconf 88' lang='lat' dir='ltr'><strong>quam</strong></span> <span class='ocrx_word' id='word_1_47' title='bbox 1079 1323 1276 1397; x_wconf 67' lang='lat' dir='ltr'><strong>Dalmatica.</strong></span> 
     </span>
    </p>
   </div>
   <div class='ocr_carea' id='block_1_4' title="bbox 209 1435 1281 3376">
    <p class='ocr_par' dir='ltr' id='par_1_4' title="bbox 209 1435 1281 3376">
     <span class='ocr_line' id='line_1_9' title="bbox 211 1435 1278 1538; baseline 0.004 -30"><span class='ocrx_word' id='word_1_48' title='bbox 211 1437 358 1537; x_wconf 90' lang='lat' dir='ltr'><strong>lllisque</strong></span> <span class='ocrx_word' id='word_1_49' title='bbox 379 1435 571 1525; x_wconf 81' lang='lat' dir='ltr'><strong>absolutis,</strong></span> <span class='ocrx_word' id='word_1_50' title='bbox 592 1454 812 1511; x_wconf 89' lang='lat' dir='ltr'><strong>conventum</strong></span> <span class='ocrx_word' id='word_1_51' title='bbox 832 1437 956 1511; x_wconf 86' lang='lat' dir='ltr'><strong>habuit</strong></span> <span class='ocrx_word' id='word_1_52' title='bbox 981 1441 1181 1538; x_wconf 86' lang='lat' dir='ltr'><strong>imperator</strong></span> <span class='ocrx_word' id='word_1_53' title='bbox 1200 1465 1278 1512; x_wconf 89' lang='lat' dir='ltr'><strong>cum</strong></span> 
     </span>
     <span class='ocr_line' id='line_1_10' title="bbox 209 1553 1280 1656; baseline 0.001 -30"><span class='ocrx_word' id='word_1_54' title='bbox 209 1553 431 1652; x_wconf 90' lang='lat' dir='ltr'><strong>primoribus</strong></span> <span class='ocrx_word' id='word_1_55' title='bbox 447 1571 483 1627; x_wconf 89' lang='lat' dir='ltr'><strong>et</strong></span> <span class='ocrx_word' id='word_1_56' title='bbox 501 1553 735 1654; x_wconf 79' lang='lat' dir='ltr'><strong>optimatibus</strong></span> <span class='ocrx_word' id='word_1_57' title='bbox 749 1557 972 1630; x_wconf 84' lang='lat' dir='ltr'><strong>Francorum</strong></span> <span class='ocrx_word' id='word_1_58' title='bbox 988 1555 1032 1629; x_wconf 83' lang='lat' dir='ltr'><strong>de</strong></span> <span class='ocrx_word' id='word_1_59' title='bbox 1049 1583 1138 1656; x_wconf 78' lang='lat' dir='ltr'><strong>pacc</strong></span> <span class='ocrx_word' id='word_1_60' title='bbox 1151 1556 1280 1630; x_wconf 84' lang='lat' dir='ltr'><strong>cousti-</strong></span> 
     </span>
     <span class='ocr_line' id='line_1_11' title="bbox 212 1672 1281 1761; baseline 0 -16"><span class='ocrx_word' id='word_1_61' title='bbox 212 1672 342 1746; x_wconf 89' lang='lat' dir='ltr'><strong>tuenda</strong></span> <span class='ocrx_word' id='word_1_62' title='bbox 367 1688 404 1747; x_wconf 91' lang='lat' dir='ltr'><strong>et</strong></span> <span class='ocrx_word' id='word_1_63' title='bbox 423 1673 666 1746; x_wconf 85' lang='lat' dir='ltr'><strong>conservanda</strong></span> <span class='ocrx_word' id='word_1_64' title='bbox 691 1675 786 1747; x_wconf 91' lang='lat' dir='ltr'><strong>inter</strong></span> <span class='ocrx_word' id='word_1_65' title='bbox 807 1673 900 1748; x_wconf 87' lang='lat' dir='ltr'><strong>lilios</strong></span> <span class='ocrx_word' id='word_1_66' title='bbox 922 1699 1027 1761; x_wconf 88' lang='lat' dir='ltr'><strong>suos,</strong></span> <span class='ocrx_word' id='word_1_67' title='bbox 1051 1689 1087 1747; x_wconf 93' lang='lat' dir='ltr'><strong>et</strong></span> <span class='ocrx_word' id='word_1_68' title='bbox 1107 1672 1281 1747; x_wconf 78' lang='lat' dir='ltr'><strong>divisione</strong></span> 
     </span>
     <span class='ocr_line' id='line_1_12' title="bbox 212 1789 1281 1891; baseline -0.003 -27"><span class='ocrx_word' id='word_1_69' title='bbox 212 1790 314 1891; x_wconf 84' lang='lat' dir='ltr'><strong>regni</strong></span> <span class='ocrx_word' id='word_1_70' title='bbox 334 1789 493 1864; x_wconf 88' lang='lat' dir='ltr'><strong>facienda</strong></span> <span class='ocrx_word' id='word_1_71' title='bbox 519 1792 555 1863; x_wconf 95' lang='lat' dir='ltr'><strong>in</strong></span> <span class='ocrx_word' id='word_1_72' title='bbox 583 1806 654 1863; x_wconf 91' lang='lat' dir='ltr'><strong>tres</strong></span> <span class='ocrx_word' id='word_1_73' title='bbox 676 1808 816 1890; x_wconf 88' lang='lat' dir='ltr'><strong>partes,</strong></span> <span class='ocrx_word' id='word_1_74' title='bbox 841 1806 883 1861; x_wconf 92' lang='lat' dir='ltr'><strong>ut</strong></span> <span class='ocrx_word' id='word_1_75' title='bbox 904 1790 1012 1864; x_wconf 88' lang='lat' dir='ltr'><strong>sciret</strong></span> <span class='ocrx_word' id='word_1_76' title='bbox 1037 1790 1281 1890; x_wconf 84' lang='lat' dir='ltr'><strong>unusquisque</strong></span> 
     </span>
     <span class='ocr_line' id='line_1_13' title="bbox 215 1904 1277 2009; baseline -0.002 -30"><span class='ocrx_word' id='word_1_77' title='bbox 215 1908 382 1997; x_wconf 89' lang='lat' dir='ltr'><strong>illorum,</strong></span> <span class='ocrx_word' id='word_1_78' title='bbox 404 1935 512 2009; x_wconf 89' lang='lat' dir='ltr'><strong>quam</strong></span> <span class='ocrx_word' id='word_1_79' title='bbox 540 1923 679 2007; x_wconf 84' lang='lat' dir='ltr'><strong>partem</strong></span> <span class='ocrx_word' id='word_1_80' title='bbox 701 1909 793 1981; x_wconf 89' lang='lat' dir='ltr'><strong>tueri</strong></span> <span class='ocrx_word' id='word_1_81' title='bbox 821 1923 858 1980; x_wconf 91' lang='lat' dir='ltr'><strong>et</strong></span> <span class='ocrx_word' id='word_1_82' title='bbox 881 1933 1003 2008; x_wconf 82' lang='lat' dir='ltr'><strong>regere</strong></span> <span class='ocrx_word' id='word_1_83' title='bbox 1025 1904 1229 1993; x_wconf 83' lang='lat' dir='ltr'><strong>debuisset,</strong></span> <span class='ocrx_word' id='word_1_84' title='bbox 1252 1907 1277 1978; x_wconf 89' lang='lat' dir='ltr'><strong>si</strong></span> 
     </span>
     <span class='ocr_line' id='line_1_14' title="bbox 213 2023 1279 2124; baseline -0.002 -28"><span class='ocrx_word' id='word_1_85' title='bbox 213 2041 389 2124; x_wconf 87' lang='lat' dir='ltr'><strong>superstes</strong></span> <span class='ocrx_word' id='word_1_86' title='bbox 415 2025 465 2097; x_wconf 94' lang='lat' dir='ltr'><strong>illi</strong></span> <span class='ocrx_word' id='word_1_87' title='bbox 492 2025 690 2098; x_wconf 82' lang='lat' dir='ltr'><strong>deveniret.</strong></span> <span class='ocrx_word' id='word_1_88' title='bbox 718 2024 770 2096; x_wconf 89' lang='lat' dir='ltr'><strong>De</strong></span> <span class='ocrx_word' id='word_1_89' title='bbox 799 2023 863 2096; x_wconf 89' lang='lat' dir='ltr'><strong>hac</strong></span> <span class='ocrx_word' id='word_1_90' title='bbox 887 2025 1084 2123; x_wconf 86' lang='lat' dir='ltr'><strong>partitione</strong></span> <span class='ocrx_word' id='word_1_91' title='bbox 1111 2039 1149 2098; x_wconf 89' lang='lat' dir='ltr'><strong>et</strong></span> <span class='ocrx_word' id='word_1_92' title='bbox 1174 2036 1279 2099; x_wconf 73' lang='lat' dir='ltr'><strong>teau-</strong></span> 
     </span>
     <span class='ocr_line' id='line_1_15' title="bbox 214 2138 1281 2242; baseline -0.004 -27"><span class='ocrx_word' id='word_1_93' title='bbox 214 2160 381 2217; x_wconf 90' lang='lat' dir='ltr'><strong>mentum</strong></span> <span class='ocrx_word' id='word_1_94' title='bbox 396 2142 531 2215; x_wconf 86' lang='lat' dir='ltr'><strong>factum</strong></span> <span class='ocrx_word' id='word_1_95' title='bbox 540 2198 552 2235; x_wconf 94' lang='lat'><strong>,</strong></span> <span class='ocrx_word' id='word_1_96' title='bbox 567 2157 604 2216; x_wconf 89' lang='lat' dir='ltr'><strong>et</strong></span> <span class='ocrx_word' id='word_1_97' title='bbox 619 2140 852 2242; x_wconf 85' lang='lat' dir='ltr'><strong>jurejurando</strong></span> <span class='ocrx_word' id='word_1_98' title='bbox 868 2139 913 2212; x_wconf 89' lang='lat' dir='ltr'><strong>ab</strong></span> <span class='ocrx_word' id='word_1_99' title='bbox 925 2138 1163 2240; x_wconf 84' lang='lat' dir='ltr'><strong>optimatibus</strong></span> <span class='ocrx_word' id='word_1_100' title='bbox 1176 2141 1281 2215; x_wconf 80' lang='lat' dir='ltr'><strong>Fran·</strong></span> 
     </span>
     <span class='ocr_line' id='line_1_16' title="bbox 214 2257 1280 2357; baseline 0.001 -27"><span class='ocrx_word' id='word_1_101' title='bbox 214 2284 342 2332; x_wconf 86' lang='lat' dir='ltr'><strong>corum</strong></span> <span class='ocrx_word' id='word_1_102' title='bbox 358 2259 634 2345; x_wconf 87' lang='lat' dir='ltr'><strong>confirmatum,</strong></span> <span class='ocrx_word' id='word_1_103' title='bbox 654 2274 690 2331; x_wconf 94' lang='lat' dir='ltr'><strong>et</strong></span> <span class='ocrx_word' id='word_1_104' title='bbox 707 2257 998 2345; x_wconf 88' lang='lat' dir='ltr'><strong>constitutiones,</strong></span> <span class='ocrx_word' id='word_1_105' title='bbox 1016 2257 1115 2357; x_wconf 86' lang='lat' dir='ltr'><strong>pacis</strong></span> <span class='ocrx_word' id='word_1_106' title='bbox 1135 2282 1280 2332; x_wconf 79' lang='lat' dir='ltr'><strong>conser-</strong></span> 
     </span>
     <span class='ocr_line' id='line_1_17' title="bbox 214 2372 1279 2474; baseline -0.002 -28"><span class='ocrx_word' id='word_1_107' title='bbox 214 2375 341 2448; x_wconf 78' lang='lat' dir='ltr'><strong>vandae</strong></span> <span class='ocrx_word' id='word_1_108' title='bbox 358 2401 473 2463; x_wconf 91' lang='lat' dir='ltr'><strong>causa,</strong></span> <span class='ocrx_word' id='word_1_109' title='bbox 493 2375 610 2461; x_wconf 87' lang='lat' dir='ltr'><strong>lactae,</strong></span> <span class='ocrx_word' id='word_1_110' title='bbox 626 2392 733 2474; x_wconf 91' lang='lat' dir='ltr'><strong>atque</strong></span> <span class='ocrx_word' id='word_1_111' title='bbox 744 2372 821 2446; x_wconf 87' lang='lat' dir='ltr'><strong>baec</strong></span> <span class='ocrx_word' id='word_1_112' title='bbox 834 2375 956 2448; x_wconf 92' lang='lat' dir='ltr'><strong>omnia</strong></span> <span class='ocrx_word' id='word_1_113' title='bbox 970 2373 1102 2448; x_wconf 88' lang='lat' dir='ltr'><strong>litteris</strong></span> <span class='ocrx_word' id='word_1_114' title='bbox 1118 2373 1279 2447; x_wconf 79' lang='lat' dir='ltr'><strong>mandata</strong></span> 
     </span>
     <span class='ocr_line' id='line_1_18' title="bbox 215 2486 1276 2590; baseline -0.001 -30"><span class='ocrx_word' id='word_1_115' title='bbox 215 2506 321 2576; x_wconf 84' lang='lat' dir='ltr'><strong>sunt,</strong></span> <span class='ocrx_word' id='word_1_116' title='bbox 340 2507 377 2563; x_wconf 91' lang='lat' dir='ltr'><strong>et</strong></span> <span class='ocrx_word' id='word_1_117' title='bbox 396 2491 506 2564; x_wconf 89' lang='lat' dir='ltr'><strong>Leoni</strong></span> <span class='ocrx_word' id='word_1_118' title='bbox 528 2517 646 2590; x_wconf 86' lang='lat' dir='ltr'><strong>papae,</strong></span> <span class='ocrx_word' id='word_1_119' title='bbox 672 2507 713 2562; x_wconf 92' lang='lat' dir='ltr'><strong>ut</strong></span> <span class='ocrx_word' id='word_1_120' title='bbox 735 2489 790 2562; x_wconf 90' lang='lat' dir='ltr'><strong>his</strong></span> <span class='ocrx_word' id='word_1_121' title='bbox 809 2516 870 2562; x_wconf 89' lang='lat' dir='ltr'><strong>sua</strong></span> <span class='ocrx_word' id='word_1_122' title='bbox 892 2515 1001 2561; x_wconf 90' lang='lat' dir='ltr'><strong>manu</strong></span> <span class='ocrx_word' id='word_1_123' title='bbox 1018 2486 1276 2573; x_wconf 81' lang='lat' dir='ltr'><strong>subscriberet,</strong></span> 
     </span>
     <span class='ocr_line' id='line_1_19' title="bbox 217 2602 1278 2705; baseline -0.003 -27"><span class='ocrx_word' id='word_1_124' title='bbox 217 2631 282 2703; x_wconf 84' lang='lat' dir='ltr'><strong>per</strong></span> <span class='ocrx_word' id='word_1_125' title='bbox 298 2605 520 2679; x_wconf 83' lang='lat' dir='ltr'><strong>Einhardum</strong></span> <span class='ocrx_word' id='word_1_126' title='bbox 541 2608 595 2705; x_wconf 84' lang='lat' dir='ltr'><strong>(a)</strong></span> <span class='ocrx_word' id='word_1_127' title='bbox 616 2607 733 2678; x_wconf 86' lang='lat' dir='ltr'><strong>missa.</strong></span> <span class='ocrx_word' id='word_1_128' title='bbox 761 2603 902 2697; x_wconf 88' lang='lat' dir='ltr'><strong>Quibus</strong></span> <span class='ocrx_word' id='word_1_129' title='bbox 918 2602 1084 2702; x_wconf 82' lang='lat' dir='ltr'><strong>pontifex</strong></span> <span class='ocrx_word' id='word_1_130' title='bbox 1104 2603 1228 2691; x_wconf 84' lang='lat' dir='ltr'><strong>lectis,</strong></span> <span class='ocrx_word' id='word_1_131' title='bbox 1248 2621 1278 2677; x_wconf 85' lang='lat' dir='ltr'><strong>et</strong></span> 
     </span>
     <span class='ocr_line' id='line_1_20' title="bbox 218 2717 1279 2821; baseline 0.002 -30"><span class='ocrx_word' id='word_1_132' title='bbox 218 2746 396 2794; x_wconf 87' lang='lat' dir='ltr'><strong>assensum</strong></span> <span class='ocrx_word' id='word_1_133' title='bbox 417 2721 592 2819; x_wconf 85' lang='lat' dir='ltr'><strong>praebuit,</strong></span> <span class='ocrx_word' id='word_1_134' title='bbox 613 2738 649 2795; x_wconf 89' lang='lat' dir='ltr'><strong>et</strong></span> <span class='ocrx_word' id='word_1_135' title='bbox 665 2722 810 2821; x_wconf 89' lang='lat' dir='ltr'><strong>propria</strong></span> <span class='ocrx_word' id='word_1_136' title='bbox 836 2747 946 2793; x_wconf 87' lang='lat' dir='ltr'><strong>manu</strong></span> <span class='ocrx_word' id='word_1_137' title='bbox 968 2717 1197 2820; x_wconf 88' lang='lat' dir='ltr'><strong>subscripsit.</strong></span> <span class='ocrx_word' id='word_1_138' title='bbox 1219 2722 1279 2793; x_wconf 87' lang='lat' dir='ltr'><strong>lm·</strong></span> 
     </span>
     <span class='ocr_line' id='line_1_21' title="bbox 218 2835 1279 2939; baseline 0.001 -29"><span class='ocrx_word' id='word_1_139' title='bbox 218 2853 378 2935; x_wconf 89' lang='lat' dir='ltr'><strong>perator,</strong></span> <span class='ocrx_word' id='word_1_140' title='bbox 399 2839 546 2913; x_wconf 89' lang='lat' dir='ltr'><strong>dimisso</strong></span> <span class='ocrx_word' id='word_1_141' title='bbox 566 2857 722 2939; x_wconf 86' lang='lat' dir='ltr'><strong>utroque</strong></span> <span class='ocrx_word' id='word_1_142' title='bbox 742 2837 818 2912; x_wconf 90' lang='lat' dir='ltr'><strong>filio</strong></span> <span class='ocrx_word' id='word_1_143' title='bbox 839 2838 876 2910; x_wconf 94' lang='lat' dir='ltr'><strong>in</strong></span> <span class='ocrx_word' id='word_1_144' title='bbox 891 2835 1126 2938; x_wconf 84' lang='lat' dir='ltr'><strong>regnumsibi</strong></span> <span class='ocrx_word' id='word_1_145' title='bbox 1140 2836 1279 2937; x_wconf 66' lang='lat' dir='ltr'><strong>depute</strong></span> 
     </span>
     <span class='ocr_line' id='line_1_22' title="bbox 219 2950 1278 3052; baseline -0.001 -30"><span class='ocrx_word' id='word_1_146' title='bbox 219 2967 311 3038; x_wconf 91' lang='lat' dir='ltr'><strong>tum,</strong></span> <span class='ocrx_word' id='word_1_147' title='bbox 326 2955 480 3052; x_wconf 89' lang='lat' dir='ltr'><strong>Pippino</strong></span> <span class='ocrx_word' id='word_1_148' title='bbox 490 2954 625 3027; x_wconf 91' lang='lat' dir='ltr'><strong>scilicet</strong></span> <span class='ocrx_word' id='word_1_149' title='bbox 635 2970 671 3027; x_wconf 92' lang='lat' dir='ltr'><strong>et</strong></span> <span class='ocrx_word' id='word_1_150' title='bbox 681 2952 910 3039; x_wconf 87' lang='lat' dir='ltr'><strong>Hludowico,</strong></span> <span class='ocrx_word' id='word_1_151' title='bbox 921 2952 966 3025; x_wconf 90' lang='lat' dir='ltr'><strong>de</strong></span> <span class='ocrx_word' id='word_1_152' title='bbox 979 2951 1062 3024; x_wconf 79' lang='lat' dir='ltr'><strong>villa</strong></span> <span class='ocrx_word' id='word_1_153' title='bbox 1075 2950 1278 3028; x_wconf 81' lang='lat' dir='ltr'><strong>Theodonis</strong></span> 
     </span>
     <span class='ocr_line' id='line_1_23' title="bbox 216 3068 1275 3171; baseline 0.001 -31"><span class='ocrx_word' id='word_1_154' title='bbox 216 3096 283 3167; x_wconf 92' lang='lat' dir='ltr'><strong>per</strong></span> <span class='ocrx_word' id='word_1_155' title='bbox 299 3070 484 3143; x_wconf 87' lang='lat' dir='ltr'><strong>Mosellam</strong></span> <span class='ocrx_word' id='word_1_156' title='bbox 504 3086 540 3142; x_wconf 89' lang='lat' dir='ltr'><strong>et</strong></span> <span class='ocrx_word' id='word_1_157' title='bbox 563 3072 724 3143; x_wconf 89' lang='lat' dir='ltr'><strong>Hrenum</strong></span> <span class='ocrx_word' id='word_1_158' title='bbox 743 3070 894 3143; x_wconf 89' lang='lat' dir='ltr'><strong>secunda</strong></span> <span class='ocrx_word' id='word_1_159' title='bbox 910 3095 1000 3169; x_wconf 89' lang='lat' dir='ltr'><strong>aqua</strong></span> <span class='ocrx_word' id='word_1_160' title='bbox 1017 3068 1275 3171; x_wconf 83' lang='lat' dir='ltr'><strong>Noviomagun</strong></span> 
     </span>
     <span class='ocr_line' id='line_1_24' title="bbox 218 3184 1273 3287; baseline 0 -31"><span class='ocrx_word' id='word_1_161' title='bbox 218 3186 419 3286; x_wconf 81' lang='lat' dir='ltr'><strong>navigavit,</strong></span> <span class='ocrx_word' id='word_1_162' title='bbox 447 3186 568 3287; x_wconf 88' lang='lat' dir='ltr'><strong>ibique</strong></span> <span class='ocrx_word' id='word_1_163' title='bbox 591 3203 754 3259; x_wconf 88' lang='lat' dir='ltr'><strong>sanctum</strong></span> <span class='ocrx_word' id='word_1_164' title='bbox 777 3184 1085 3285; x_wconf 83' lang='lat' dir='ltr'><strong>Quadragesimale</strong></span> <span class='ocrx_word' id='word_1_165' title='bbox 1103 3187 1273 3287; x_wconf 75' lang='lat' dir='ltr'><strong>Jejuniun</strong></span> 
     </span>
     <span class='ocr_line' id='line_1_25' title="bbox 217 3300 1274 3376; baseline 0 -3"><span class='ocrx_word' id='word_1_166' title='bbox 217 3318 253 3373; x_wconf 88' lang='lat' dir='ltr'><strong>et</strong></span> <span class='ocrx_word' id='word_1_167' title='bbox 262 3305 529 3375; x_wconf 85' lang='lat' dir='ltr'><strong>sacratissimam</strong></span> <span class='ocrx_word' id='word_1_168' title='bbox 541 3301 681 3376; x_wconf 86' lang='lat' dir='ltr'><strong>Paschae</strong></span> <span class='ocrx_word' id='word_1_169' title='bbox 693 3303 920 3376; x_wconf 79' lang='lat' dir='ltr'><strong>festivitatem</strong></span> <span class='ocrx_word' id='word_1_170' title='bbox 927 3301 1137 3375; x_wconf 83' lang='lat' dir='ltr'><strong>celebravit.</strong></span> <span class='ocrx_word' id='word_1_171' title='bbox 1145 3300 1274 3376; x_wconf 82' lang='lat' dir='ltr'><strong>Etinde</strong></span> 
     </span>
    </p>
   </div>
   <div class='ocr_carea' id='block_1_5' title="bbox 217 3546 1270 4073">
    <p class='ocr_par' dir='ltr' id='par_1_5' title="bbox 218 3546 1264 3710">
     <span class='ocr_line' id='line_1_26' title="bbox 253 3546 1264 3620; baseline -0.001 -16"><span class='ocrx_word' id='word_1_172' title='bbox 253 3552 292 3620; x_wconf 85' lang='lat' dir='ltr'><strong>(t)</strong></span> <span class='ocrx_word' id='word_1_173' title='bbox 311 3551 593 3605; x_wconf 77' lang='lat' dir='ltr'><strong>ltahabetFrelrerus.</strong></span> <span class='ocrx_word' id='word_1_174' title='bbox 603 3549 732 3605; x_wconf 75' lang='lat' dir='ltr'><strong>-b‘uen</strong></span> <span class='ocrx_word' id='word_1_175' title='bbox 741 3566 845 3603; x_wconf 87' lang='lat' dir='ltr'><strong>comes:</strong></span> <span class='ocrx_word' id='word_1_176' title='bbox 858 3546 1264 3616; x_wconf 77' lang='lat' dir='ltr'><strong>thtarius;t&gt;eruet1t.ttouq</strong></span> 
     </span>
     <span class='ocr_line' id='line_1_27' title="bbox 218 3636 921 3710; baseline -0.007 -19"><span class='ocrx_word' id='word_1_177' title='bbox 218 3638 264 3692; x_wconf 86' lang='lat' dir='ltr'><strong>hic</strong></span> <span class='ocrx_word' id='word_1_178' title='bbox 279 3639 309 3691; x_wconf 90' lang='lat' dir='ltr'><em>V</em></span> <span class='ocrx_word' id='word_1_179' title='bbox 306 3640 380 3692; x_wconf 83' lang='lat' dir='ltr'><strong>illeri</strong></span> <span class='ocrx_word' id='word_1_180' title='bbox 393 3648 421 3692; x_wconf 88' lang='lat' dir='ltr'><strong>et</strong></span> <span class='ocrx_word' id='word_1_181' title='bbox 435 3638 504 3692; x_wconf 83' lang='lat' dir='ltr'><strong>infra</strong></span> <span class='ocrx_word' id='word_1_182' title='bbox 518 3638 564 3708; x_wconf 89' lang='lat' dir='ltr'><strong>(ad</strong></span> <span class='ocrx_word' id='word_1_183' title='bbox 577 3657 642 3692; x_wconf 89' lang='lat' dir='ltr'><strong>ann.</strong></span> <span class='ocrx_word' id='word_1_184' title='bbox 655 3637 718 3710; x_wconf 84' lang='lat'><strong>809)</strong></span> <span class='ocrx_word' id='word_1_185' title='bbox 735 3636 921 3691; x_wconf 81' lang='lat' dir='ltr'><strong>Willtarenus.</strong></span> 
     </span>
    </p>

    <p class='ocr_par' dir='ltr' id='par_1_6' title="bbox 217 3723 1270 4073">
     <span class='ocr_line' id='line_1_28' title="bbox 253 3723 1270 3800; baseline -0.005 -16"><span class='ocrx_word' id='word_1_186' title='bbox 253 3732 292 3800; x_wconf 82' lang='lat' dir='ltr'><strong>(a)</strong></span> <span class='ocrx_word' id='word_1_187' title='bbox 311 3732 351 3784; x_wconf 86' lang='lat' dir='ltr'><strong>lta</strong></span> <span class='ocrx_word' id='word_1_188' title='bbox 366 3730 469 3784; x_wconf 88' lang='lat' dir='ltr'><strong>habent</strong></span> <span class='ocrx_word' id='word_1_189' title='bbox 485 3729 566 3783; x_wconf 89' lang='lat' dir='ltr'><strong>codd.</strong></span> <span class='ocrx_word' id='word_1_190' title='bbox 582 3728 742 3784; x_wconf 82' lang='lat' dir='ltr'><strong>Vindobon.</strong></span> <span class='ocrx_word' id='word_1_191' title='bbox 756 3726 823 3794; x_wconf 71' lang='lat'><strong>654,</strong></span> <span class='ocrx_word' id='word_1_192' title='bbox 839 3727 910 3800; x_wconf 81' lang='lat' dir='ltr'><strong>Reg.</strong></span> <span class='ocrx_word' id='word_1_193' title='bbox 924 3726 1011 3781; x_wconf 80' lang='lat' dir='ltr'><strong>Paris.</strong></span> <span class='ocrx_word' id='word_1_194' title='bbox 1029 3723 1116 3798; x_wconf 71' lang='lat'><strong>5924,</strong></span> <span class='ocrx_word' id='word_1_195' title='bbox 1135 3725 1270 3780; x_wconf 64' lang='lat' dir='ltr'><strong>Hannon·</strong></span> 
     </span>
     <span class='ocr_line' id='line_1_29' title="bbox 218 3816 1270 3888; baseline -0.007 -14"><span class='ocrx_word' id='word_1_196' title='bbox 218 3840 277 3875; x_wconf 88' lang='lat' dir='ltr'><strong>ran.</strong></span> <span class='ocrx_word' id='word_1_197' title='bbox 292 3832 321 3875; x_wconf 90' lang='lat' dir='ltr'><strong>et</strong></span> <span class='ocrx_word' id='word_1_198' title='bbox 333 3822 456 3876; x_wconf 87' lang='lat' dir='ltr'><strong>Freheri.</strong></span> <span class='ocrx_word' id='word_1_199' title='bbox 472 3853 501 3860; x_wconf 89' lang='lat'>-</span> <span class='ocrx_word' id='word_1_200' title='bbox 515 3821 584 3876; x_wconf 92' lang='lat' dir='ltr'><strong>Cod.</strong></span> <span class='ocrx_word' id='word_1_201' title='bbox 600 3821 708 3874; x_wconf 86' lang='lat' dir='ltr'><strong>Trevir.</strong></span> <span class='ocrx_word' id='word_1_202' title='bbox 723 3817 908 3874; x_wconf 80' lang='lat' dir='ltr'><strong>Heinlardum</strong></span> <span class='ocrx_word' id='word_1_203' title='bbox 916 3843 923 3880; x_wconf 85' lang='lat'><strong>,·</strong></span> <span class='ocrx_word' id='word_1_204' title='bbox 933 3816 1056 3871; x_wconf 84' lang='lat' dir='ltr'><strong>Nuenar.</strong></span> <span class='ocrx_word' id='word_1_205' title='bbox 1067 3833 1163 3871; x_wconf 70' lang='lat' dir='ltr'><strong>coum</strong></span> <span class='ocrx_word' id='word_1_206' title='bbox 1174 3841 1180 3869; x_wconf 75' lang='lat' dir='ltr'>z</span> <span class='ocrx_word' id='word_1_207' title='bbox 1192 3816 1270 3888; x_wconf 71' lang='lat' dir='ltr'><strong>Egrit-</strong></span> 
     </span>
     <span class='ocr_line' id='line_1_30' title="bbox 217 3901 1269 3981; baseline -0.005 -16"><span class='ocrx_word' id='word_1_208' title='bbox 217 3910 345 3965; x_wconf 84' lang='lat' dir='ltr'><strong>hardum.</strong></span> <span class='ocrx_word' id='word_1_209' title='bbox 363 3943 394 3951; x_wconf 87' lang='lat'><strong>--</strong></span> <span class='ocrx_word' id='word_1_210' title='bbox 409 3912 464 3964; x_wconf 79' lang='lat' dir='ltr'><strong>Per</strong></span> <span class='ocrx_word' id='word_1_211' title='bbox 482 3909 660 3964; x_wconf 76' lang='lat' dir='ltr'><strong>Eae&#39;nlsardum</strong></span> <span class='ocrx_word' id='word_1_212' title='bbox 682 3909 757 3964; x_wconf 69' lang='lat' dir='ltr'><strong>(locst</strong></span> <span class='ocrx_word' id='word_1_213' title='bbox 775 3908 850 3981; x_wconf 85' lang='lat' dir='ltr'><strong>apud</strong></span> <span class='ocrx_word' id='word_1_214' title='bbox 865 3907 927 3963; x_wconf 88' lang='lat' dir='ltr'><strong>cod.</strong></span> <span class='ocrx_word' id='word_1_215' title='bbox 948 3904 1112 3961; x_wconf 86' lang='lat' dir='ltr'><strong>Vindobon.</strong></span> <span class='ocrx_word' id='word_1_216' title='bbox 1134 3924 1194 3960; x_wconf 82' lang='lat' dir='ltr'><strong>rso.</strong></span> <span class='ocrx_word' id='word_1_217' title='bbox 1212 3901 1269 3961; x_wconf 81' lang='lat' dir='ltr'><strong>Cod-</strong></span> 
     </span>
     <span class='ocr_line' id='line_1_31' title="bbox 218 3993 1268 4073; baseline -0.009 -19"><span class='ocrx_word' id='word_1_218' title='bbox 218 4000 380 4054; x_wconf 87' lang='lat' dir='ltr'><strong>Vindobon.</strong></span> <span class='ocrx_word' id='word_1_219' title='bbox 399 4018 467 4073; x_wconf 80' lang='lat'><strong>990,</strong></span> <span class='ocrx_word' id='word_1_220' title='bbox 490 4000 539 4052; x_wconf 84' lang='lat' dir='ltr'><strong>bas</strong></span> <span class='ocrx_word' id='word_1_221' title='bbox 560 3999 628 4051; x_wconf 80' lang='lat' dir='ltr'><strong>duas</strong></span> <span class='ocrx_word' id='word_1_222' title='bbox 647 4016 725 4052; x_wconf 85' lang='lat' dir='ltr'><strong>voces</strong></span> <span class='ocrx_word' id='word_1_223' title='bbox 745 3997 863 4052; x_wconf 80' lang='lat' dir='ltr'><strong>maloin</strong></span> <span class='ocrx_word' id='word_1_224' title='bbox 883 4014 966 4050; x_wconf 86' lang='lat' dir='ltr'><strong>unam</strong></span> <span class='ocrx_word' id='word_1_225' title='bbox 985 3994 1171 4063; x_wconf 74' lang='lat' dir='ltr'><strong>contrahens,</strong></span> <span class='ocrx_word' id='word_1_226' title='bbox 1192 3993 1268 4066; x_wconf 74' lang='lat' dir='ltr'><strong>legit:</strong></span> 
     </span>
    </p>
   </div>
   <div class='ocr_carea' id='block_1_6' title="bbox 218 4083 1269 4251">
    <p class='ocr_par' dir='ltr' id='par_1_7' title="bbox 218 4083 1269 4251">
     <span class='ocr_line' id='line_1_32' title="bbox 219 4083 1269 4153; baseline -0.002 -11"><span class='ocrx_word' id='word_1_227' title='bbox 219 4090 425 4144; x_wconf 79' lang='lat' dir='ltr'><strong>Pernlrurdum.</strong></span> <span class='ocrx_word' id='word_1_228' title='bbox 437 4122 471 4130; x_wconf 93' lang='lat'>—</span> <span class='ocrx_word' id='word_1_229' title='bbox 481 4089 569 4144; x_wconf 90' lang='lat' dir='ltr'><strong>Codd.</strong></span> <span class='ocrx_word' id='word_1_230' title='bbox 585 4089 683 4143; x_wconf 83' lang='lat' dir='ltr'><strong>Annal.</strong></span> <span class='ocrx_word' id='word_1_231' title='bbox 697 4089 811 4143; x_wconf 77' lang='lat' dir='ltr'><strong>lauriss.</strong></span> <span class='ocrx_word' id='word_1_232' title='bbox 828 4114 831 4140; x_wconf 90' lang='lat'>:</span> <span class='ocrx_word' id='word_1_233' title='bbox 849 4086 1021 4153; x_wconf 78' lang='lat' dir='ltr'><strong>Einurdum,</strong></span> <span class='ocrx_word' id='word_1_234' title='bbox 1037 4083 1269 4143; x_wconf 58' lang='lat' dir='ltr'><strong>Heiubardsm:</strong></span> 
     </span>
     <span class='ocr_line' id='line_1_33' title="bbox 218 4177 668 4251; baseline 0.002 -20"><span class='ocrx_word' id='word_1_235' title='bbox 218 4177 390 4232; x_wconf 72' lang='lat' dir='ltr'><strong>lleinmrlum</strong></span> <span class='ocrx_word' id='word_1_236' title='bbox 405 4200 416 4231; x_wconf 81' lang='lat' dir='ltr'><strong>a</strong></span> <span class='ocrx_word' id='word_1_237' title='bbox 422 4200 447 4251; x_wconf 87' lang='lat' dir='ltr'><strong>p.</strong></span> <span class='ocrx_word' id='word_1_238' title='bbox 461 4178 560 4233; x_wconf 73' lang='lat' dir='ltr'><strong>Annal.</strong></span> <span class='ocrx_word' id='word_1_239' title='bbox 575 4179 668 4232; x_wconf 83' lang='lat' dir='ltr'><strong>Berlin</strong></span> 
     </span>
    </p>
   </div>
   <div class='ocr_carea' id='block_1_7' title="bbox 0 0 1517 5272">
    <p class='ocr_par' dir='ltr' id='par_1_8' title="bbox 0 0 1517 5272">
     <span class='ocr_line' id='line_1_34' title="bbox 0 0 1517 5272; baseline 0 0"><span class='ocrx_word' id='word_1_240' title='bbox 0 0 1517 5272; x_wconf 95' lang='lat' dir='ltr'><strong> </strong></span> 
     </span>
    </p>
   </div>
  </div>
 </body>
</html>
