<?xml version="1.0" encoding="UTF-8"?>
<!DOCTYPE html PUBLIC "-//W3C//DTD XHTML 1.0 Transitional//EN"
    "http://www.w3.org/TR/xhtml1/DTD/xhtml1-transitional.dtd">
<html xmlns="http://www.w3.org/1999/xhtml" xml:lang="en" lang="en">
 <head>
  <title>
</title>
<meta http-equiv="Content-Type" content="text/html;charset=utf-8" />
  <meta name='ocr-system' content='tesseract 3.04.00' />
  <meta name='ocr-capabilities' content='ocr_page ocr_carea ocr_par ocr_line ocrx_word'/>
</head>
<body>
  <div class='ocr_page' id='page_1' title='image "./einhardiomniaqu01einhgoog_0333.png"; bbox 0 0 3000 5272; ppageno 0'>
   <div class='ocr_carea' id='block_1_1' title="bbox 267 410 943 473">
    <p class='ocr_par' dir='ltr' id='par_1_1' title="bbox 267 410 943 473">
     <span class='ocr_line' id='line_1_1' title="bbox 267 410 943 473; baseline -0.003 0"><span class='ocrx_word' id='word_1_1' title='bbox 267 412 328 473; x_wconf 77' lang='lat' dir='ltr'>stt</span> <span class='ocrx_word' id='word_1_2' title='bbox 660 410 943 472; x_wconf 78' lang='lat' dir='ltr'>ntunowtcus.</span> 
     </span>
    </p>
   </div>
   <div class='ocr_carea' id='block_1_2' title="bbox 209 539 1356 3901">
    <p class='ocr_par' dir='ltr' id='par_1_2' title="bbox 209 539 1356 3901">
     <span class='ocr_line' id='line_1_2' title="bbox 267 539 1333 643; baseline 0.003 -31"><span class='ocrx_word' id='word_1_3' title='bbox 267 557 323 616; x_wconf 89' lang='lat' dir='ltr'>ter</span> <span class='ocrx_word' id='word_1_4' title='bbox 338 541 438 641; x_wconf 87' lang='lat' dir='ltr'>quod</span> <span class='ocrx_word' id='word_1_5' title='bbox 456 541 584 639; x_wconf 90' lang='lat' dir='ltr'>capulo</span> <span class='ocrx_word' id='word_1_6' title='bbox 602 539 730 641; x_wconf 88' lang='lat' dir='ltr'>gladii,</span> <span class='ocrx_word' id='word_1_7' title='bbox 747 566 821 642; x_wconf 85' lang='lat' dir='ltr'>quo</span> <span class='ocrx_word' id='word_1_8' title='bbox 838 543 1018 614; x_wconf 84' lang='lat' dir='ltr'>accinctus</span> <span class='ocrx_word' id='word_1_9' title='bbox 1037 556 1138 631; x_wconf 77' lang='lat' dir='ltr'>erut,</span> <span class='ocrx_word' id='word_1_10' title='bbox 1155 542 1229 617; x_wconf 85' lang='lat' dir='ltr'>imi</span> <span class='ocrx_word' id='word_1_11' title='bbox 1250 568 1333 643; x_wconf 72' lang='lat' dir='ltr'>peu-</span> 
     </span>
     <span class='ocr_line' id='line_1_3' title="bbox 266 659 1333 761; baseline 0.004 -31"><span class='ocrx_word' id='word_1_12' title='bbox 266 659 356 733; x_wconf 82' lang='lat' dir='ltr'>toris</span> <span class='ocrx_word' id='word_1_13' title='bbox 373 685 454 758; x_wconf 87' lang='lat' dir='ltr'>pars</span> <span class='ocrx_word' id='word_1_14' title='bbox 471 659 612 731; x_wconf 87' lang='lat' dir='ltr'>sinistra</span> <span class='ocrx_word' id='word_1_15' title='bbox 633 675 782 732; x_wconf 87' lang='lat' dir='ltr'>contusa</span> <span class='ocrx_word' id='word_1_16' title='bbox 798 673 870 749; x_wconf 88' lang='lat' dir='ltr'>est,</span> <span class='ocrx_word' id='word_1_17' title='bbox 884 673 922 732; x_wconf 87' lang='lat' dir='ltr'>et</span> <span class='ocrx_word' id='word_1_18' title='bbox 934 660 1030 732; x_wconf 88' lang='lat' dir='ltr'>auris</span> <span class='ocrx_word' id='word_1_19' title='bbox 1040 660 1169 734; x_wconf 81' lang='lat' dir='ltr'>dextra</span> <span class='ocrx_word' id='word_1_20' title='bbox 1180 660 1221 734; x_wconf 91' lang='lat' dir='ltr'>in</span> <span class='ocrx_word' id='word_1_21' title='bbox 1236 678 1333 761; x_wconf 72' lang='lat' dir='ltr'>purte</span> 
     </span>
     <span class='ocr_line' id='line_1_4' title="bbox 263 774 1331 875; baseline 0.005 -29"><span class='ocrx_word' id='word_1_22' title='bbox 263 776 464 872; x_wconf 88' lang='lat' dir='ltr'>posteriore</span> <span class='ocrx_word' id='word_1_23' title='bbox 475 774 673 863; x_wconf 83' lang='lat' dir='ltr'>vulnerata,</span> <span class='ocrx_word' id='word_1_24' title='bbox 685 774 805 848; x_wconf 88' lang='lat' dir='ltr'>femur</span> <span class='ocrx_word' id='word_1_25' title='bbox 812 800 959 875; x_wconf 90' lang='lat' dir='ltr'>quoque</span> <span class='ocrx_word' id='word_1_26' title='bbox 971 775 1140 849; x_wconf 87' lang='lat' dir='ltr'>dextrum</span> <span class='ocrx_word' id='word_1_27' title='bbox 1151 776 1331 875; x_wconf 77' lang='lat' dir='ltr'>cujusdam</span> 
     </span>
     <span class='ocr_line' id='line_1_5' title="bbox 263 874 1332 992; baseline 0.005 -30"><span class='ocrx_word' id='word_1_28' title='bbox 263 891 352 992; x_wconf 89' lang='lat' dir='ltr'>ligni</span> <span class='ocrx_word' id='word_1_29' title='bbox 367 890 527 990; x_wconf 90' lang='lat' dir='ltr'>pondere</span> <span class='ocrx_word' id='word_1_30' title='bbox 539 895 640 990; x_wconf 82' lang='lat' dir='ltr'>juxta</span> <span class='ocrx_word' id='word_1_31' title='bbox 658 892 804 991; x_wconf 82' lang='lat' dir='ltr'>inguina</span> <span class='ocrx_word' id='word_1_32' title='bbox 818 891 996 965; x_wconf 85' lang='lat' dir='ltr'>collisum.</span> <span class='ocrx_word' id='word_1_33' title='bbox 1013 891 1082 966; x_wconf 88' lang='lat' dir='ltr'>Sed</span> <span class='ocrx_word' id='word_1_34' title='bbox 1095 874 1332 991; x_wconf 70' lang='lat' dir='ltr'>instantielr)</span> 
     </span>
     <span class='ocr_line' id='line_1_6' title="bbox 263 1006 1334 1107; baseline 0.005 -28"><span class='ocrx_word' id='word_1_35' title='bbox 263 1008 507 1095; x_wconf 88' lang='lat' dir='ltr'>medicorum,</span> <span class='ocrx_word' id='word_1_36' title='bbox 524 1009 587 1107; x_wconf 91' lang='lat' dir='ltr'>qui</span> <span class='ocrx_word' id='word_1_37' title='bbox 607 1009 638 1080; x_wconf 94' lang='lat' dir='ltr'>ei</span> <span class='ocrx_word' id='word_1_38' title='bbox 657 1033 780 1079; x_wconf 90' lang='lat' dir='ltr'>curam</span> <span class='ocrx_word' id='word_1_39' title='bbox 795 1006 1034 1101; x_wconf 83' lang='lat' dir='ltr'>adhibebant,</span> <span class='ocrx_word' id='word_1_40' title='bbox 1052 1034 1192 1081; x_wconf 82' lang='lat' dir='ltr'>summu</span> <span class='ocrx_word' id='word_1_41' title='bbox 1209 1008 1334 1084; x_wconf 84' lang='lat' dir='ltr'>celcri-</span> 
     </span>
     <span class='ocr_line' id='line_1_7' title="bbox 263 1122 1334 1225; baseline 0.007 -31"><span class='ocrx_word' id='word_1_42' title='bbox 263 1139 336 1196; x_wconf 88' lang='lat' dir='ltr'>tate</span> <span class='ocrx_word' id='word_1_43' title='bbox 348 1122 544 1196; x_wconf 86' lang='lat' dir='ltr'>convaluit.</span> <span class='ocrx_word' id='word_1_44' title='bbox 558 1123 651 1196; x_wconf 89' lang='lat' dir='ltr'>Nam</span> <span class='ocrx_word' id='word_1_45' title='bbox 661 1124 826 1196; x_wconf 89' lang='lat' dir='ltr'>vicesima</span> <span class='ocrx_word' id='word_1_46' title='bbox 837 1125 1029 1225; x_wconf 77' lang='lat' dir='ltr'>postquam</span> <span class='ocrx_word' id='word_1_47' title='bbox 1041 1124 1079 1197; x_wconf 89' lang='lat' dir='ltr'>id</span> <span class='ocrx_word' id='word_1_48' title='bbox 1089 1124 1334 1201; x_wconf 73' lang='lat' dir='ltr'>accidet-utdle</span> 
     </span>
     <span class='ocr_line' id='line_1_8' title="bbox 262 1239 1334 1339; baseline 0.007 -27"><span class='ocrx_word' id='word_1_49' title='bbox 262 1240 527 1339; x_wconf 84' lang='lat' dir='ltr'>Noviomagum</span> <span class='ocrx_word' id='word_1_50' title='bbox 546 1239 749 1338; x_wconf 88' lang='lat' dir='ltr'>profectus,</span> <span class='ocrx_word' id='word_1_51' title='bbox 765 1256 897 1314; x_wconf 84' lang='lat' dir='ltr'>venatu</span> <span class='ocrx_word' id='word_1_52' title='bbox 919 1267 992 1316; x_wconf 84' lang='lat' dir='ltr'>sese</span> <span class='ocrx_word' id='word_1_53' title='bbox 1008 1242 1212 1317; x_wconf 77' lang='lat' dir='ltr'>exercebat.</span> <span class='ocrx_word' id='word_1_54' title='bbox 1231 1242 1334 1319; x_wconf 72' lang='lat' dir='ltr'>Unde</span> 
     </span>
     <span class='ocr_line' id='line_1_9' title="bbox 209 1325 1331 1462; baseline 0.005 -33"><span class='ocrx_word' id='word_1_55' title='bbox 209 1325 236 1407; x_wconf 37' lang='grc' dir='ltr'>ἃ</span> <span class='ocrx_word' id='word_1_56' title='bbox 260 1382 436 1443; x_wconf 83' lang='lat' dir='ltr'>reversus,</span> <span class='ocrx_word' id='word_1_57' title='bbox 452 1357 655 1456; x_wconf 79' lang='lat' dir='ltr'>generalem</span> <span class='ocrx_word' id='word_1_58' title='bbox 668 1357 794 1455; x_wconf 89' lang='lat' dir='ltr'>populi</span> <span class='ocrx_word' id='word_1_59' title='bbox 811 1359 866 1430; x_wconf 90' lang='lat' dir='ltr'>sui</span> <span class='ocrx_word' id='word_1_60' title='bbox 881 1377 1104 1434; x_wconf 89' lang='lat' dir='ltr'>conventum</span> <span class='ocrx_word' id='word_1_61' title='bbox 1117 1361 1331 1462; x_wconf 79' lang='lat' dir='ltr'>Aquisgmni</span> 
     </span>
     <span class='ocr_line' id='line_1_10' title="bbox 259 1471 1334 1579; baseline 0.006 -33"><span class='ocrx_word' id='word_1_62' title='bbox 259 1499 363 1546; x_wconf 89' lang='lat' dir='ltr'>more</span> <span class='ocrx_word' id='word_1_63' title='bbox 375 1474 484 1546; x_wconf 92' lang='lat' dir='ltr'>solito</span> <span class='ocrx_word' id='word_1_64' title='bbox 499 1471 625 1544; x_wconf 87' lang='lat' dir='ltr'>habuit</span> <span class='ocrx_word' id='word_1_65' title='bbox 633 1528 644 1562; x_wconf 93' lang='lat'>,</span> <span class='ocrx_word' id='word_1_66' title='bbox 662 1474 699 1544; x_wconf 90' lang='lat' dir='ltr'>in</span> <span class='ocrx_word' id='word_1_67' title='bbox 714 1500 791 1573; x_wconf 91' lang='lat' dir='ltr'>quo</span> <span class='ocrx_word' id='word_1_68' title='bbox 804 1473 918 1547; x_wconf 88' lang='lat' dir='ltr'>filium</span> <span class='ocrx_word' id='word_1_69' title='bbox 932 1501 1037 1548; x_wconf 89' lang='lat' dir='ltr'>suum</span> <span class='ocrx_word' id='word_1_70' title='bbox 1048 1477 1334 1579; x_wconf 85' lang='lat' dir='ltr'>primogenitum</span> 
     </span>
     <span class='ocr_line' id='line_1_11' title="bbox 259 1589 1332 1695; baseline 0.007 -34"><span class='ocrx_word' id='word_1_71' title='bbox 259 1589 491 1664; x_wconf 84' lang='lat' dir='ltr'>lllotharium</span> <span class='ocrx_word' id='word_1_72' title='bbox 507 1591 718 1677; x_wconf 88' lang='lat' dir='ltr'>coronavit,</span> <span class='ocrx_word' id='word_1_73' title='bbox 746 1605 783 1663; x_wconf 89' lang='lat' dir='ltr'>et</span> <span class='ocrx_word' id='word_1_74' title='bbox 804 1592 963 1664; x_wconf 89' lang='lat' dir='ltr'>nominis</span> <span class='ocrx_word' id='word_1_75' title='bbox 986 1608 1093 1692; x_wconf 87' lang='lat' dir='ltr'>atque</span> <span class='ocrx_word' id='word_1_76' title='bbox 1114 1594 1261 1695; x_wconf 84' lang='lat' dir='ltr'>imperii</span> <span class='ocrx_word' id='word_1_77' title='bbox 1280 1598 1332 1670; x_wconf 87' lang='lat' dir='ltr'>sui</span> 
     </span>
     <span class='ocr_line' id='line_1_12' title="bbox 260 1706 1333 1809; baseline 0.007 -30"><span class='ocrx_word' id='word_1_78' title='bbox 260 1708 399 1781; x_wconf 87' lang='lat' dir='ltr'>socium</span> <span class='ocrx_word' id='word_1_79' title='bbox 412 1706 479 1778; x_wconf 89' lang='lat' dir='ltr'>sibi</span> <span class='ocrx_word' id='word_1_80' title='bbox 498 1707 704 1795; x_wconf 92' lang='lat' dir='ltr'>constituit,</span> <span class='ocrx_word' id='word_1_81' title='bbox 720 1725 870 1781; x_wconf 63' lang='lat' dir='ltr'>caeteros</span> <span class='ocrx_word' id='word_1_82' title='bbox 883 1734 982 1808; x_wconf 84' lang='lat' dir='ltr'>reges</span> <span class='ocrx_word' id='word_1_83' title='bbox 993 1710 1206 1809; x_wconf 75' lang='lat' dir='ltr'>appellatos,</span> <span class='ocrx_word' id='word_1_84' title='bbox 1221 1738 1333 1787; x_wconf 85' lang='lat' dir='ltr'>unum</span> 
     </span>
     <span class='ocr_line' id='line_1_13' title="bbox 257 1823 1331 1929; baseline 0.007 -34"><span class='ocrx_word' id='word_1_85' title='bbox 257 1823 484 1924; x_wconf 81' lang='lat' dir='ltr'>Aquitaniae,</span> <span class='ocrx_word' id='word_1_86' title='bbox 499 1823 653 1896; x_wconf 86' lang='lat' dir='ltr'>alterum</span> <span class='ocrx_word' id='word_1_87' title='bbox 666 1823 838 1921; x_wconf 88' lang='lat' dir='ltr'>Bajoariae</span> <span class='ocrx_word' id='word_1_88' title='bbox 849 1825 1023 1923; x_wconf 87' lang='lat' dir='ltr'>praefecit.</span> <span class='ocrx_word' id='word_1_89' title='bbox 1042 1827 1239 1903; x_wconf 75' lang='lat' dir='ltr'>Conventa</span> <span class='ocrx_word' id='word_1_90' title='bbox 1255 1834 1331 1929; x_wconf 82' lang='lat' dir='ltr'>p&#39;er·</span> 
     </span>
     <span class='ocr_line' id='line_1_14' title="bbox 259 1939 1330 2045; baseline 0.006 -32"><span class='ocrx_word' id='word_1_91' title='bbox 259 1957 340 2015; x_wconf 87' lang='lat' dir='ltr'>acto</span> <span class='ocrx_word' id='word_1_92' title='bbox 360 1941 444 2039; x_wconf 87' lang='lat'>(2),</span> <span class='ocrx_word' id='word_1_93' title='bbox 463 1967 546 2012; x_wconf 89' lang='lat' dir='ltr'>cum</span> <span class='ocrx_word' id='word_1_94' title='bbox 563 1939 691 2039; x_wconf 81' lang='lat' dir='ltr'>Vogesi</span> <span class='ocrx_word' id='word_1_95' title='bbox 715 1941 845 2013; x_wconf 89' lang='lat' dir='ltr'>saltum</span> <span class='ocrx_word' id='word_1_96' title='bbox 862 1942 1015 2015; x_wconf 86' lang='lat' dir='ltr'>venandi</span> <span class='ocrx_word' id='word_1_97' title='bbox 1032 1944 1146 2043; x_wconf 82' lang='lat' dir='ltr'>gratio</span> <span class='ocrx_word' id='word_1_98' title='bbox 1171 1960 1330 2045; x_wconf 75' lang='lat' dir='ltr'>peteret,</span> 
     </span>
     <span class='ocr_line' id='line_1_15' title="bbox 257 2057 1330 2162; baseline 0.003 -28"><span class='ocrx_word' id='word_1_99' title='bbox 257 2057 384 2134; x_wconf 89' lang='lat' dir='ltr'>obvios</span> <span class='ocrx_word' id='word_1_100' title='bbox 401 2057 529 2130; x_wconf 89' lang='lat' dir='ltr'>hahuit</span> <span class='ocrx_word' id='word_1_101' title='bbox 552 2058 686 2158; x_wconf 88' lang='lat' dir='ltr'>legatos</span> <span class='ocrx_word' id='word_1_102' title='bbox 707 2059 837 2131; x_wconf 85' lang='lat' dir='ltr'>Leonis</span> <span class='ocrx_word' id='word_1_103' title='bbox 862 2058 1111 2158; x_wconf 86' lang='lat' dir='ltr'>imperatoris,</span> <span class='ocrx_word' id='word_1_104' title='bbox 1134 2088 1330 2162; x_wconf 71' lang='lat' dir='ltr'>quoscum</span> 
     </span>
     <span class='ocr_line' id='line_1_16' title="bbox 259 2173 1331 2274; baseline 0.008 -29"><span class='ocrx_word' id='word_1_105' title='bbox 259 2175 297 2246; x_wconf 90' lang='lat' dir='ltr'>in</span> <span class='ocrx_word' id='word_1_106' title='bbox 314 2173 509 2274; x_wconf 87' lang='lat' dir='ltr'>lngelheim</span> <span class='ocrx_word' id='word_1_107' title='bbox 526 2173 658 2271; x_wconf 90' lang='lat' dir='ltr'>palatio</span> <span class='ocrx_word' id='word_1_108' title='bbox 672 2176 774 2271; x_wconf 84' lang='lat' dir='ltr'>juxta</span> <span class='ocrx_word' id='word_1_109' title='bbox 787 2174 1060 2273; x_wconf 81' lang='lat' dir='ltr'>Mogontiacum</span> <span class='ocrx_word' id='word_1_110' title='bbox 1075 2176 1262 2253; x_wconf 80' lang='lat' dir='ltr'>civitatem</span> <span class='ocrx_word' id='word_1_111' title='bbox 1274 2206 1331 2253; x_wconf 75' lang='lat' dir='ltr'>uu-</span> 
     </span>
     <span class='ocr_line' id='line_1_17' title="bbox 259 2288 1329 2397; baseline 0.007 -36"><span class='ocrx_word' id='word_1_112' title='bbox 259 2289 387 2377; x_wconf 89' lang='lat' dir='ltr'>disset,</span> <span class='ocrx_word' id='word_1_113' title='bbox 403 2315 443 2360; x_wconf 92' lang='lat' dir='ltr'>ac</span> <span class='ocrx_word' id='word_1_114' title='bbox 456 2289 673 2388; x_wconf 81' lang='lat' dir='ltr'>legationem</span> <span class='ocrx_word' id='word_1_115' title='bbox 683 2313 811 2362; x_wconf 89' lang='lat' dir='ltr'>eorum</span> <span class='ocrx_word' id='word_1_116' title='bbox 824 2288 1018 2363; x_wconf 80' lang='lat' dir='ltr'>nonullam</span> <span class='ocrx_word' id='word_1_117' title='bbox 1029 2316 1123 2383; x_wconf 81' lang='lat' dir='ltr'>esse,</span> <span class='ocrx_word' id='word_1_118' title='bbox 1138 2294 1211 2367; x_wconf 87' lang='lat' dir='ltr'>nisi</span> <span class='ocrx_word' id='word_1_119' title='bbox 1222 2320 1329 2397; x_wconf 72' lang='lat' dir='ltr'>quum</span> 
     </span>
     <span class='ocr_line' id='line_1_18' title="bbox 259 2404 1330 2508; baseline 0.01 -31"><span class='ocrx_word' id='word_1_120' title='bbox 259 2405 443 2478; x_wconf 84' lang='lat' dir='ltr'>Niciforus</span> <span class='ocrx_word' id='word_1_121' title='bbox 468 2404 625 2504; x_wconf 89' lang='lat' dir='ltr'>ejusdem</span> <span class='ocrx_word' id='word_1_122' title='bbox 644 2405 870 2503; x_wconf 89' lang='lat' dir='ltr'>imperatoris</span> <span class='ocrx_word' id='word_1_123' title='bbox 893 2405 1029 2508; x_wconf 86' lang='lat' dir='ltr'>legatus</span> <span class='ocrx_word' id='word_1_124' title='bbox 1050 2412 1221 2507; x_wconf 78' lang='lat' dir='ltr'>proxime</span> <span class='ocrx_word' id='word_1_125' title='bbox 1240 2428 1330 2487; x_wconf 77' lang='lat' dir='ltr'>attu-</span> 
     </span>
     <span class='ocr_line' id='line_1_19' title="bbox 259 2521 1329 2631; baseline 0.008 -37"><span class='ocrx_word' id='word_1_126' title='bbox 259 2523 370 2611; x_wconf 81' lang='lat' dir='ltr'>lerat,</span> <span class='ocrx_word' id='word_1_127' title='bbox 389 2523 639 2622; x_wconf 86' lang='lat' dir='ltr'>comperisset,</span> <span class='ocrx_word' id='word_1_128' title='bbox 659 2521 822 2595; x_wconf 73' lang='lat' dir='ltr'>celeriter</span> <span class='ocrx_word' id='word_1_129' title='bbox 836 2521 1019 2597; x_wconf 85' lang='lat' dir='ltr'>absolutos</span> <span class='ocrx_word' id='word_1_130' title='bbox 1031 2522 1189 2617; x_wconf 76' lang='lat' dir='ltr'>dimisit,</span> <span class='ocrx_word' id='word_1_131' title='bbox 1207 2544 1246 2603; x_wconf 84' lang='lat' dir='ltr'>et</span> <span class='ocrx_word' id='word_1_132' title='bbox 1257 2554 1329 2631; x_wconf 85' lang='lat' dir='ltr'>quo</span> 
     </span>
     <span class='ocr_line' id='line_1_20' title="bbox 261 2638 1326 2738; baseline 0.007 -25"><span class='ocrx_word' id='word_1_133' title='bbox 261 2638 432 2713; x_wconf 84' lang='lat' dir='ltr'>tendebat</span> <span class='ocrx_word' id='word_1_134' title='bbox 443 2639 699 2738; x_wconf 87' lang='lat' dir='ltr'>proficiscitur.</span> <span class='ocrx_word' id='word_1_135' title='bbox 709 2638 1326 2738; x_wconf 70' lang='lat' dir='ltr'>Nunciataquedclectiouellbotlri·</span> 
     </span>
     <span class='ocr_line' id='line_1_21' title="bbox 262 2754 1327 2859; baseline 0.008 -31"><span class='ocrx_word' id='word_1_136' title='bbox 262 2772 384 2830; x_wconf 89' lang='lat' dir='ltr'>torum</span> <span class='ocrx_word' id='word_1_137' title='bbox 397 2774 433 2830; x_wconf 90' lang='lat' dir='ltr'>et</span> <span class='ocrx_word' id='word_1_138' title='bbox 447 2757 649 2849; x_wconf 89' lang='lat' dir='ltr'>Sclaomiri‚</span> <span class='ocrx_word' id='word_1_139' title='bbox 663 2754 858 2831; x_wconf 84' lang='lat' dir='ltr'>comitibus</span> <span class='ocrx_word' id='word_1_140' title='bbox 870 2771 1010 2829; x_wconf 89' lang='lat' dir='ltr'>tautum</span> <span class='ocrx_word' id='word_1_141' title='bbox 1022 2759 1086 2859; x_wconf 89' lang='lat' dir='ltr'>qui</span> <span class='ocrx_word' id='word_1_142' title='bbox 1091 2762 1197 2857; x_wconf 81' lang='lat' dir='ltr'>juxta</span> <span class='ocrx_word' id='word_1_143' title='bbox 1207 2760 1327 2837; x_wconf 76' lang='lat' dir='ltr'>Albim</span> 
     </span>
     <span class='ocr_line' id='line_1_22' title="bbox 261 2868 1328 2968; baseline 0.008 -26"><span class='ocrx_word' id='word_1_144' title='bbox 261 2873 301 2943; x_wconf 91' lang='lat' dir='ltr'>in</span> <span class='ocrx_word' id='word_1_145' title='bbox 319 2872 486 2968; x_wconf 79' lang='lat' dir='ltr'>praesidio</span> <span class='ocrx_word' id='word_1_146' title='bbox 505 2871 659 2945; x_wconf 88' lang='lat' dir='ltr'>residere</span> <span class='ocrx_word' id='word_1_147' title='bbox 676 2868 861 2960; x_wconf 86' lang='lat' dir='ltr'>solebant,</span> <span class='ocrx_word' id='word_1_148' title='bbox 880 2886 922 2943; x_wconf 89' lang='lat' dir='ltr'>ut</span> <span class='ocrx_word' id='word_1_149' title='bbox 941 2872 1115 2948; x_wconf 80' lang='lat' dir='ltr'>terminos</span> <span class='ocrx_word' id='word_1_150' title='bbox 1136 2872 1208 2949; x_wconf 81' lang='lat' dir='ltr'>sibi</span> <span class='ocrx_word' id='word_1_151' title='bbox 1222 2886 1328 2951; x_wconf 84' lang='lat' dir='ltr'>&#39;oum-</span> 
     </span>
     <span class='ocr_line' id='line_1_23' title="bbox 261 2987 1329 3087; baseline 0.009 -27"><span class='ocrx_word' id='word_1_152' title='bbox 261 2987 387 3062; x_wconf 87' lang='lat' dir='ltr'>missos</span> <span class='ocrx_word' id='word_1_153' title='bbox 405 3002 607 3073; x_wconf 84' lang='lat' dir='ltr'>tuerentur,</span> <span class='ocrx_word' id='word_1_154' title='bbox 626 3012 692 3086; x_wconf 89' lang='lat' dir='ltr'>per</span> <span class='ocrx_word' id='word_1_155' title='bbox 705 2987 862 3087; x_wconf 85' lang='lat' dir='ltr'>legatum</span> <span class='ocrx_word' id='word_1_156' title='bbox 877 2987 1074 3063; x_wconf 85' lang='lat' dir='ltr'>mandavit.</span> <span class='ocrx_word' id='word_1_157' title='bbox 1088 2988 1200 3065; x_wconf 70' lang='lat' dir='ltr'>Caua·</span> <span class='ocrx_word' id='word_1_158' title='bbox 1211 2992 1329 3069; x_wconf 76' lang='lat' dir='ltr'>defeu-</span> 
     </span>
     <span class='ocr_line' id='line_1_24' title="bbox 261 3102 1327 3207; baseline 0.01 -32"><span class='ocrx_word' id='word_1_159' title='bbox 261 3104 372 3177; x_wconf 90' lang='lat' dir='ltr'>tionis</span> <span class='ocrx_word' id='word_1_160' title='bbox 388 3119 487 3190; x_wconf 87' lang='lat' dir='ltr'>erat,</span> <span class='ocrx_word' id='word_1_161' title='bbox 507 3102 606 3202; x_wconf 91' lang='lat' dir='ltr'>quod</span> <span class='ocrx_word' id='word_1_162' title='bbox 623 3102 758 3202; x_wconf 88' lang='lat' dir='ltr'>regiam</span> <span class='ocrx_word' id='word_1_163' title='bbox 780 3119 1014 3201; x_wconf 79' lang='lat' dir='ltr'>potestatem,</span> <span class='ocrx_word' id='word_1_164' title='bbox 1029 3132 1140 3207; x_wconf 85' lang='lat' dir='ltr'>quam</span> <span class='ocrx_word' id='word_1_165' title='bbox 1154 3108 1327 3185; x_wconf 79' lang='lat' dir='ltr'>Sclaomir</span> 
     </span>
     <span class='ocr_line' id='line_1_25' title="bbox 262 3217 1328 3323; baseline 0.008 -29"><span class='ocrx_word' id='word_1_166' title='bbox 262 3235 407 3294; x_wconf 85' lang='lat' dir='ltr'>eatenus</span> <span class='ocrx_word' id='word_1_167' title='bbox 417 3234 498 3319; x_wconf 88' lang='lat' dir='ltr'>post</span> <span class='ocrx_word' id='word_1_168' title='bbox 508 3235 667 3294; x_wconf 87' lang='lat' dir='ltr'>mortem</span> <span class='ocrx_word' id='word_1_169' title='bbox 679 3217 895 3293; x_wconf 88' lang='lat' dir='ltr'>Thrasconis</span> <span class='ocrx_word' id='word_1_170' title='bbox 906 3220 1004 3296; x_wconf 80' lang='lat' dir='ltr'>aolus</span> <span class='ocrx_word' id='word_1_171' title='bbox 1014 3248 1123 3323; x_wconf 80' lang='lat' dir='ltr'>super</span> <span class='ocrx_word' id='word_1_172' title='bbox 1132 3224 1328 3303; x_wconf 67' lang='lat' dir='ltr'>thonius</span> 
     </span>
     <span class='ocr_line' id='line_1_26' title="bbox 262 3335 1326 3443; baseline 0.011 -35"><span class='ocrx_word' id='word_1_173' title='bbox 262 3335 423 3428; x_wconf 89' lang='lat' dir='ltr'>tenebat,</span> <span class='ocrx_word' id='word_1_174' title='bbox 443 3364 526 3408; x_wconf 91' lang='lat' dir='ltr'>cum</span> <span class='ocrx_word' id='word_1_175' title='bbox 539 3335 718 3437; x_wconf 83' lang='lat' dir='ltr'>Geadrago</span> <span class='ocrx_word' id='word_1_176' title='bbox 731 3335 809 3410; x_wconf 86' lang='lat' dir='ltr'>lilio</span> <span class='ocrx_word' id='word_1_177' title='bbox 817 3336 1032 3413; x_wconf 78' lang='lat' dir='ltr'>Thnsconis</span> <span class='ocrx_word' id='word_1_178' title='bbox 1041 3341 1170 3439; x_wconf 78' lang='lat' dir='ltr'>partiri</span> <span class='ocrx_word' id='word_1_179' title='bbox 1177 3340 1326 3443; x_wconf 76' lang='lat' dir='ltr'>jubebu-</span> 
     </span>
     <span class='ocr_line' id='line_1_27' title="bbox 262 3452 1329 3553; baseline 0.009 -30"><span class='ocrx_word' id='word_1_180' title='bbox 262 3467 324 3524; x_wconf 88' lang='lat' dir='ltr'>tur</span> <span class='ocrx_word' id='word_1_181' title='bbox 330 3482 341 3542; x_wconf 80' lang='lat'>3</span> <span class='ocrx_word' id='word_1_182' title='bbox 357 3479 439 3553; x_wconf 89' lang='lat' dir='ltr'>quae</span> <span class='ocrx_word' id='word_1_183' title='bbox 451 3479 506 3526; x_wconf 89' lang='lat' dir='ltr'>res</span> <span class='ocrx_word' id='word_1_184' title='bbox 517 3452 620 3525; x_wconf 93' lang='lat' dir='ltr'>illum</span> <span class='ocrx_word' id='word_1_185' title='bbox 633 3468 707 3525; x_wconf 87' lang='lat' dir='ltr'>tam</span> <span class='ocrx_word' id='word_1_186' title='bbox 715 3453 873 3552; x_wconf 85' lang='lat' dir='ltr'>graviter</span> <span class='ocrx_word' id='word_1_187' title='bbox 883 3452 1122 3545; x_wconf 80' lang='lat' dir='ltr'>exacerbavit,</span> <span class='ocrx_word' id='word_1_188' title='bbox 1134 3458 1329 3533; x_wconf 76' lang='lat' dir='ltr'>utnllirm·</span> 
     </span>
     <span class='ocr_line' id='line_1_28' title="bbox 261 3568 1356 3671; baseline 0.01 -29"><span class='ocrx_word' id='word_1_189' title='bbox 261 3583 318 3642; x_wconf 89' lang='lat' dir='ltr'>ret</span> <span class='ocrx_word' id='word_1_190' title='bbox 336 3595 372 3642; x_wconf 93' lang='lat' dir='ltr'>se</span> <span class='ocrx_word' id='word_1_191' title='bbox 390 3595 577 3669; x_wconf 88' lang='lat' dir='ltr'>nunquam</span> <span class='ocrx_word' id='word_1_192' title='bbox 593 3568 742 3667; x_wconf 86' lang='lat' dir='ltr'>posthac</span> <span class='ocrx_word' id='word_1_193' title='bbox 758 3568 883 3643; x_wconf 83' lang='lat' dir='ltr'>Albim</span> <span class='ocrx_word' id='word_1_194' title='bbox 899 3570 1052 3647; x_wconf 88' lang='lat' dir='ltr'>lluvium</span> <span class='ocrx_word' id='word_1_195' title='bbox 1067 3574 1325 3671; x_wconf 72' lang='lat' dir='ltr'>namium,</span> <span class='ocrx_word' id='word_1_196' title='bbox 1351 3572 1356 3581; x_wconf 73' lang='grc'><strong>’</strong></span> 
     </span>
     <span class='ocr_line' id='line_1_29' title="bbox 262 3680 1328 3784; baseline 0.01 -28"><span class='ocrx_word' id='word_1_197' title='bbox 262 3709 380 3784; x_wconf 90' lang='lat' dir='ltr'>neque</span> <span class='ocrx_word' id='word_1_198' title='bbox 395 3680 441 3755; x_wconf 92' lang='lat' dir='ltr'>ad</span> <span class='ocrx_word' id='word_1_199' title='bbox 454 3684 626 3782; x_wconf 91' lang='lat' dir='ltr'>palatium</span> <span class='ocrx_word' id='word_1_200' title='bbox 640 3699 847 3758; x_wconf 86' lang='lat' dir='ltr'>venturum.</span> <span class='ocrx_word' id='word_1_201' title='bbox 861 3686 991 3761; x_wconf 85' lang='lat' dir='ltr'>Statim</span> <span class='ocrx_word' id='word_1_202' title='bbox 1001 3688 1106 3763; x_wconf 72' lang='lat' dir='ltr'>mio·</span> <span class='ocrx_word' id='word_1_203' title='bbox 1118 3702 1328 3767; x_wconf 70' lang='lat' dir='ltr'>tumtum</span> 
     </span>
     <span class='ocr_line' id='line_1_30' title="bbox 262 3801 1326 3901; baseline 0.01 -29"><span class='ocrx_word' id='word_1_204' title='bbox 262 3801 462 3901; x_wconf 87' lang='lat' dir='ltr'>legatione,</span> <span class='ocrx_word' id='word_1_205' title='bbox 487 3801 610 3899; x_wconf 87' lang='lat' dir='ltr'>junxit</span> <span class='ocrx_word' id='word_1_206' title='bbox 633 3802 805 3874; x_wconf 88' lang='lat' dir='ltr'>amicitias</span> <span class='ocrx_word' id='word_1_207' title='bbox 832 3828 916 3876; x_wconf 92' lang='lat' dir='ltr'>cum</span> <span class='ocrx_word' id='word_1_208' title='bbox 938 3802 1023 3879; x_wconf 88' lang='lat' dir='ltr'>liliis</span> <span class='ocrx_word' id='word_1_209' title='bbox 1046 3802 1264 3898; x_wconf 76' lang='lat' dir='ltr'>Godoffidi,</span> <span class='ocrx_word' id='word_1_210' title='bbox 1292 3824 1326 3883; x_wconf 78' lang='lat' dir='ltr'>et</span> 
     </span>
    </p>
   </div>
   <div class='ocr_carea' id='block_1_3' title="bbox 810 3990 978 4001">
    <p class='ocr_par' dir='ltr' id='par_1_3' title="bbox 810 3990 978 4001">
     <span class='ocr_line' id='line_1_31' title="bbox 810 3990 978 4001; baseline 0.024 -4"><span class='ocrx_word' id='word_1_211' title='bbox 810 3990 978 4001; x_wconf 72' lang='lat'><strong>—————</strong></span> 
     </span>
    </p>
   </div>
   <div class='ocr_carea' id='block_1_4' title="bbox 296 4092 908 4258">
    <p class='ocr_par' dir='ltr' id='par_1_4' title="bbox 296 4092 908 4258">
     <span class='ocr_line' id='line_1_32' title="bbox 296 4092 908 4166; baseline 0.002 -20"><span class='ocrx_word' id='word_1_212' title='bbox 296 4096 335 4165; x_wconf 87' lang='lat'>(1)</span> <span class='ocrx_word' id='word_1_213' title='bbox 352 4093 386 4147; x_wconf 90' lang='lat' dir='ltr'>D.</span> <span class='ocrx_word' id='word_1_214' title='bbox 403 4094 489 4166; x_wconf 86' lang='lat' dir='ltr'>Bouq.</span> <span class='ocrx_word' id='word_1_215' title='bbox 499 4109 562 4146; x_wconf 90' lang='lat' dir='ltr'>cum</span> <span class='ocrx_word' id='word_1_216' title='bbox 576 4092 667 4147; x_wconf 88' lang='lat' dir='ltr'>Nuen.</span> <span class='ocrx_word' id='word_1_217' title='bbox 682 4093 800 4147; x_wconf 88' lang='lat' dir='ltr'>comite:</span> <span class='ocrx_word' id='word_1_218' title='bbox 815 4110 908 4164; x_wconf 81' lang='lat' dir='ltr'>opera.</span> 
     </span>
     <span class='ocr_line' id='line_1_33' title="bbox 296 4185 861 4258; baseline 0.004 -23"><span class='ocrx_word' id='word_1_219' title='bbox 296 4186 335 4253; x_wconf 83' lang='lat' dir='ltr'>(a)</span> <span class='ocrx_word' id='word_1_220' title='bbox 354 4186 386 4239; x_wconf 88' lang='lat' dir='ltr'>D.</span> <span class='ocrx_word' id='word_1_221' title='bbox 403 4185 488 4258; x_wconf 85' lang='lat' dir='ltr'>llouq.</span> <span class='ocrx_word' id='word_1_222' title='bbox 507 4186 649 4240; x_wconf 73' lang='lat' dir='ltr'>Converrtu</span> <span class='ocrx_word' id='word_1_223' title='bbox 661 4203 727 4239; x_wconf 82' lang='lat' dir='ltr'>vem</span> <span class='ocrx_word' id='word_1_224' title='bbox 739 4194 861 4252; x_wconf 82' lang='lat' dir='ltr'>peracto.</span> 
     </span>
    </p>
   </div>
   <div class='ocr_carea' id='block_1_5' title="bbox 0 0 1504 5272">
    <p class='ocr_par' dir='ltr' id='par_1_5' title="bbox 0 0 1504 5272">
     <span class='ocr_line' id='line_1_34' title="bbox 0 0 1504 5272; baseline 0 0"><span class='ocrx_word' id='word_1_225' title='bbox 0 0 1504 5272; x_wconf 95' lang='lat' dir='ltr'> </span> 
     </span>
    </p>
   </div>
  </div>
 </body>
</html>
