3000 5272
378 431 439 493 386
765 421 1047 484 HLUDOWICUS.

380 563 418 634 in
432 582 585 658 regnum
596 580 701 626 suum
714 578 797 625 eum
809 550 896 626 fecit
910 555 1061 625 restitui.
1077 556 1173 628 Dum
1188 554 1266 630 haec
1280 574 1446 658 aguntur,

378 675 569 750 Hildoinus
577 727 588 761 ,
603 669 710 744 abbas
721 670 929 743 monasterii
947 671 1060 743 sancti
1073 672 1241 774 Dionysii
1256 676 1443 777 martyris,

379 787 1445 892 Romammittens,aunuenteprecibusejusEugeniosanctoe

381 911 472 985 sedis
484 907 690 1008 apostolicae
702 924 790 978 tunc
802 906 967 1004 praesule,
980 931 1056 981 ossa
1070 905 1266 984 beatissimi
1278 915 1444 1015 martyris

380 1027 513 1101 Christi
535 1023 730 1098 Sebastiani
752 1025 907 1122 accepit,
930 1038 967 1096 et
987 1050 1025 1097 ea
1046 1027 1141 1124 apud
1158 1027 1376 1103 Suessonam
1399 1033 1442 1103 ci·

380 1146 526 1218 vitatem
543 1145 580 1216 in
597 1142 739 1215 basilica
755 1142 867 1213 sancti
885 1139 1045 1214 Medardi
1058 1143 1269 1236 collocavit,
1285 1145 1352 1219 ubi
1365 1147 1443 1220 dum

380 1258 496 1334 adhuc
526 1258 709 1331 inhumata
737 1259 774 1329 in
801 1256 947 1346 loculo,
981 1259 1019 1329 in
1048 1283 1123 1358 quo
1147 1258 1254 1332 allata
1279 1260 1441 1349 fuerunt,

376 1382 477 1478 juxta
495 1376 678 1449 tumulum
695 1374 807 1447 sancti
829 1374 988 1448 Medardi
1001 1379 1180 1474 jacerent,
1204 1392 1309 1451 tanta
1327 1380 1443 1480 signo-

380 1520 464 1567 rum
485 1518 525 1567 ac
543 1493 794 1592 prodigiorum
816 1491 1014 1565 multitudo
1036 1492 1184 1585 claruit,
1209 1510 1315 1569 tanta
1338 1498 1445 1570 virtu

380 1627 461 1682 tum
470 1611 523 1681 vis
538 1609 575 1680 in
589 1609 691 1682 omni
705 1634 835 1707 genere
848 1609 1041 1680 sanitatum
1055 1635 1120 1707 per
1128 1609 1292 1684 divinam
1301 1616 1443 1714 gratiam

381 1728 420 1799 in
438 1729 587 1800 nomine
610 1726 766 1825 ejusdem
789 1724 982 1799 beatissimi
1002 1728 1172 1826 martyris
1193 1730 1354 1818 enituit,
1373 1747 1443 1805 uta

381 1844 485 1919 nullo
502 1844 714 1918 mortalium
735 1842 933 1917 eorundem
950 1845 1212 1919 miraculorum
1234 1864 1303 1920 aut
1324 1875 1443 1924 nume·

381 1986 443 2032 rus
459 1957 715 2058 comprehendi
732 1976 794 2030 aut
810 1960 960 2032 varietas
979 1958 1098 2033 verbis
1113 1961 1231 2051 valeat
1246 1966 1441 2050 enuntiari5

379 2101 538 2176 quorum
565 2074 730 2175 quaedam
758 2077 848 2146 tanti
878 2077 1035 2175 stuporis
1066 2101 1139 2151 mse
1167 2095 1385 2172 narrantur,
1408 2095 1441 2152 ut

380 2190 547 2263 humanae
563 2189 818 2263 imbecillitatis
836 2191 943 2264 fidem
965 2191 1199 2282 excederent,
1226 2194 1300 2268 nisi
1317 2212 1438 2271 certum

380 2322 471 2381 esset
496 2303 695 2382 Dominum
718 2322 885 2379 nostrum
905 2308 1026 2381 lesum
1051 2305 1260 2399 Christum,
1288 2338 1360 2412 pro
1378 2337 1438 2413 quo

382 2423 476 2497 idem
493 2424 715 2498 beatissimus
727 2440 868 2524 martyr
880 2450 999 2522 passus
1011 2451 1084 2498 esse
1098 2423 1323 2517 dinoscitur,
1334 2429 1435 2503 omnia

333 2550 336 2557 '
381 2564 464 2639 quae
479 2539 559 2611 vult
574 2539 690 2612 facere
707 2565 808 2638 posse
824 2565 889 2638 per
901 2539 1061 2612 divinam
1077 2542 1310 2639 potentiam,
1330 2543 1366 2617 io
1380 2567 1433 2643 qm
1493 2596 1496 2605 .

383 2655 434 2728 illi
448 2657 567 2729 omnis
581 2672 742 2730 creatura
760 2659 798 2729 in
813 2657 910 2731 coelo
926 2672 962 2732 ct
980 2658 1017 2729 in
1034 2673 1128 2731 terra
1142 2656 1306 2758 subjecta
1319 2678 1369 2735 est
1379 2661 1430 2757 (i).
1494 2720 1496 2725 .

792 3417 1070 3494 DCCCXXVll.

437 3593 635 3689 lmpeiator
655 3589 858 3662 Helisachar
884 3590 1138 3691 presbyterum
1163 3608 1201 3667 et
1229 3594 1432 3674 abbaterio

425 4122 464 4188 (ι)
483 4119 536 4172 lllc
550 4117 688 4171 Frelicius
706 4117 741 4171 ile
753 4117 886 4174 llildoino
899 4121 997 4177 abbate
1014 4122 1135 4195 plurima
1152 4124 1237 4186 addit
1252 4148 1316 4205 qm
1330 4132 1360 4189 in
1371 4125 1427 4187 wll
1471 4111 1496 4137 ⁵

391 4207 541 4279 Eginliardi
556 4226 610 4260 non
627 4208 748 4279 reperire
758 4220 807 4261 cst.
