3000 5272
211 394 272 453 206
650 388 837 450 KAROLUS.

211 521 436 621 praesentiam
459 519 696 616 pervenisset,
719 520 871 591 crimine
891 521 1082 616 majestatis
1102 523 1161 620 (ι)
1178 548 1197 592 a
1213 523 1279 594 Ba·

206 637 330 735 joariis
356 650 537 707 accusatus
561 650 626 706 est.
652 633 882 732 Oinciebant
898 635 955 733 (2)
982 637 1038 726 ei,
1056 636 1157 737 quod
1182 652 1279 737 post·

211 778 319 853 quam
348 751 463 823 filium
489 777 594 822 suum
623 749 785 825 obsidem
807 751 882 850 regi
911 750 1075 841 dederat,
1107 751 1280 829 suadente

216 872 366 968 conjuge
393 894 454 939 sua
471 865 663 967 Lintherga
692 869 764 966 (ὅ),
790 894 872 968 quoe
900 867 973 941 filia
996 869 1173 945 Desiderii
1188 876 1281 972 regis

212 983 532 1085 Langobardorum
553 982 642 1070 fuit,
673 998 806 1082 etpost
828 984 939 1083 patris
961 983 1110 1058 exilium
1134 987 1280 1061 Frauu

214 1099 454 1172 inimicissima
471 1124 610 1199 semper
626 1100 766 1187 extitit,
788 1101 825 1171 in
840 1099 1089 1177 adversitatem
1113 1103 1230 1204 regis,
1247 1119 1281 1177 et

215 1232 256 1288 ut
271 1216 406 1290 bellum
424 1232 551 1290 contra
565 1218 722 1290 Francos
734 1218 974 1318 susciperent,
989 1220 1185 1295 Hunorum
1200 1246 1283 1321 geu·

215 1352 288 1408 tem
302 1334 499 1407 concitaret
514 1334 583 1432 (4).
604 1334 710 1428 Quod
728 1359 853 1407 verum
875 1335 1003 1423 fuisse,
1024 1360 1150 1409 rerum
1170 1337 1210 1410 in
1223 1360 1282 1411 eo-

215 1449 297 1523 dem
311 1474 408 1522 anno
428 1465 611 1548 gestarum
635 1447 803 1548 probavit
827 1466 987 1523 eventus.
1010 1448 1283 1549 objiciebantur

215 1568 246 1639 ei
266 1581 304 1639 et
319 1565 386 1638 alia
409 1565 594 1665 complura
612 1581 648 1638 et
663 1565 756 1638 dicta
772 1582 809 1640 et
828 1567 919 1639 lacta
929 1622 941 1657 ,
960 1593 1041 1668 quae
1059 1594 1140 1643 non
1154 1569 1225 1642 nisi
1239 1567 1282 1641 al)

216 1681 364 1755 inimico
377 1697 413 1753 et
424 1682 516 1753 irato
532 1680 588 1753 vel
599 1679 676 1754 fieri
690 1680 747 1755 vel
759 1681 915 1780 proferri
927 1697 1111 1781 poterant,
1124 1708 1281 1784 quorum

216 1824 263 1872 nc
280 1824 395 1871 unum
407 1798 553 1900 quidem
569 1798 715 1872 infitiari
731 1799 857 1898 coepit.
876 1799 945 1873 Sed
961 1826 1066 1875 noxae
1081 1803 1280 1892 convictus,

217 1940 292 1988 uno
313 1915 479 1987 omnium
502 1940 643 1988 assensu
661 1930 703 1986 ut
725 1916 914 2014 maJestatis
930 1942 1013 1988 reus
1038 1916 1183 2016 capitali
1201 1942 1281 1992 seu-

219 2031 329 2105 tentia
346 2030 533 2103 damnatus
550 2046 615 2103 est.
641 2029 708 2104 Sed
725 2032 912 2106 clementia
935 2033 1027 2132 regis
1057 2032 1147 2107 licet
1173 2037 1281 2109 morti

218 2147 400 2221 addictum
411 2147 563 2221 liberare
577 2150 728 2221 curavit.
747 2149 840 2223 Nam
857 2166 997 2224 mutato
1013 2148 1142 2225 habitu
1157 2150 1199 2225 in
1213 2176 1282 2225 mo·

217 2268 410 2341 casterium
437 2266 564 2338 missus
590 2283 660 2355 est,
681 2264 835 2339 ubitam
859 2267 1026 2366 religiose
1040 2268 1155 2358 vixit,
1178 2292 1280 2369 quan

218 2381 374 2456 libenter
392 2384 449 2482 (5)
469 2383 629 2454 intravit.
648 2384 820 2457 Similiter
837 2399 873 2458 ct
889 2383 1056 2473 Theodo‚
1075 2384 1173 2459 filius
1189 2374 1277 2486 ejus,

218 2517 342 2573 tonsus
372 2516 408 2573 et
434 2502 640 2573 monasticae
673 2503 934 2575 conversationi
963 2503 1191 2601 mancipatus
1219 2520 1277 2579 est.

218 2618 368 2715 Bajoarii
380 2643 541 2717 quoque,
561 2619 622 2717 qui
637 2617 846 2717 perfidiaeac
856 2617 992 2690 fraudis
1001 2644 1131 2692 corum
1148 2620 1277 2693 conscii

219 2749 255 2804 ct
271 2733 498 2804 consentanei
517 2731 624 2805 fuisse
640 2735 772 2831 reperti
798 2748 883 2805 sunt
907 2735 984 2831 (6),
1003 2734 1113 2808 exilio
1138 2762 1207 2834 per
1229 2734 1279 2808 di·

219 2873 316 2919 versa
347 2848 423 2920 loca
448 2848 711 2948 relegabuntur.
737 2849 834 2921 Huni
855 2876 959 2936 vcro,
987 2850 1080 2922 sicut
1103 2850 1277 2927 Tassiloui

218 2963 458 3061 promiserant
474 2963 550 3060 (7),
568 2961 708 3037 duobus
724 2964 938 3039 exercitibus
955 2968 1191 3066 comparatis,
1210 2993 1278 3042 uuo

218 3077 411 3151 marchiam
426 3077 483 3175 (8)
493 3077 789 3175 Forojuliensem‚
800 3080 913 3155 altero
920 3081 1120 3180 Baj0ariam
1131 3082 1277 3185 aggressi

251 3369 291 3437 (ι)
309 3366 344 3420 D.
355 3366 440 3440 Bouq.
453 3384 518 3421 cum
528 3365 650 3421 Nuenar.
666 3368 786 3422 comite:
803 3371 916 3423 crimine
932 3369 1009 3423 loesoe
1021 3368 1197 3442 majestatis:
1206 3368 1276 3427 αὴ

218 3455 299 3617 ωε)
310 3544 423 3600 Freher.
439 3545 630 3619 objicientibus
642 3550 675 3601 ei.
922 3582 925 3589 ·

254 3632 292 3706 (ὅ)
310 3632 364 3689 ΑΙΙ.
382 3634 529 3707 Lt'lbcrga,
544 3636 733 3711 Liutlrbnrga,
749 3637 908 3709 Lutberga‚
923 3635 1097 3709 Luilhurga,
1112 3634 1272 3694 Lirim.

253 3728 292 3796 (l)
310 3725 352 3779 Ita
361 3724 397 3778 D.
411 3724 499 3798 Bouq.
512 3726 593 3780 Perta
606 3737 635 3781 et
644 3725 907 3782 alii.-Freherus:
924 3730 1087 3783 concitarat.

253 3807 292 3879 (5)
310 3808 344 3862 D.
359 3807 447 3882 Bouq.
462 3828 526 3862 curn
537 3810 659 3865 Nuenar.
675 3811 792 3866 comite:
808 3812 905 3864 libens.

253 3896 292 3968 (6)
310 3896 398 3952 iidem
410 3922 415 3950 :
422 3897 519 3970 fuisse
529 3899 755 3971 perhibebantur.
766 3899 837 3955 cod.
850 3900 957 3954 Trevir.
963 3899 1062 3974 fuisse
1070 3900 1256 3973 perhibeatur.

254 3990 291 4062 (7)
310 3987 354 4041 Sic
367 3987 402 4040 l).
416 3987 500 4060 Bouq.
510 4007 572 4041 curn
584 3989 705 4042 Nurnar.
718 3991 819 4043 comite
828 3988 926 4043 etcod.
942 3989 1183 4047 Troum-Perta
1195 4016 1202 4047 :
1213 4004 1270 4063 prt-

220 4080 360 4130 irriserunt.

252 4164 289 4232 (8)
307 4165 404 4219 Perta:
422 4186 551 4219 marcant.
567 4167 678 4221 Frchcr.
694 4166 845 4221 indreham.
