3000 5272
373 397 432 462 146
807 395 994 456 alumnus.

370 553 477 628 pagos
504 528 541 598 in
563 525 783 599 deditionem
804 526 954 624 accepit.
980 524 1029 595 Et
1052 523 1231 598 Viennam
1253 549 1438 611 reversus,

370 659 562 746 postquam
581 643 632 715 ibi
650 657 686 716 et
703 639 878 715 Paschalis
895 639 976 715 festi
993 665 1089 713 sacra
1107 641 1265 743 peregit,
1284 655 1324 715 et
1338 667 1442 716 excr-

371 762 485 837 citum
509 787 528 833 a
550 758 674 833 labore
696 758 845 845 refecit,
867 761 942 857 jam
965 783 1080 858 prope
1105 772 1228 833 acute
1250 757 1437 846 confecta,

371 904 493 953 mense
516 891 666 976 augusto
699 877 743 950 ad
771 875 939 976 reliquias
964 873 1050 950 belli
1081 873 1267 975 profectus
1296 892 1372 964 cat,
1405 890 1440 951 et

370 994 567 1067 Bituricam
604 993 772 1081 veniens,
812 1007 1031 1069 conventum
1068 1018 1170 1068 more
1204 992 1368 1069 francico
1402 995 1438 1067 in

371 1136 500 1210 campo
516 1110 589 1209 egit
607 1110 674 1208 (1).
699 1110 857 1210 indeque
879 1109 923 1186 ud
940 1110 1149 1186 Garunnam
1167 1109 1320 1203 flurium
1340 1137 1440 1186 ια»-

371 1227 480 1311 dens,
497 1225 637 1298 castella
653 1224 765 1301 multu
778 1238 815 1297 et
829 1240 946 1322 petras
961 1239 1069 1324 atque
1082 1224 1267 1324 speluncas
1275 1278 1288 1316 ,
1307 1225 1349 1300 iu
1361 1230 1439 1328 qui·

373 1342 440 1415 bus
452 1370 488 1417 se
499 1341 659 1416 hostium
673 1367 799 1413 manus
811 1340 967 1439 plurima
978 1339 1205 1427 defendebat,
1221 1342 1332 1440 cepit,
1346 1341 1439 1416 inter

371 1485 454 1560 quae
466 1460 645 1558 praecipua
659 1457 760 1530 suere
773 1457 930 1531 Scoraiia
944 1459 1020 1555 (2),
1037 1459 1201 1533 Torinna
1215 1473 1252 1532 et
1264 1459 1436 1533 Petrocia.

374 1577 620 1676 Reversusque
640 1575 859 1662 Bituricam,
879 1576 1078 1650 exercitum
1102 1575 1138 1647 in
1164 1573 1315 1649 hiberna
1337 1575 1439 1649 dimi·

374 1693 443 1781 sit,
466 1694 540 1792 ipse
562 1696 613 1792 (ὅ)
639 1691 688 1764 ibi
706 1691 895 1766 considens
917 1693 974 1790 (4)
997 1692 1158 1767 Natalem
1177 1691 1327 1769 Domini
1350 1692 1439 1768 cele-

374 1809 506 1883 bravit.
525 1810 581 1882 Eo
596 1835 694 1885 anuo
707 1809 836 1883 Paulus
852 1835 942 1909 papa
961 1809 1145 1887 Romanus
1159 1807 1356 1884 defunctus
1369 1823 1437 1896 cat,

373 1928 475 2027 cujus
490 1926 542 2001 rei
562 1926 711 1999 nuntius
727 1923 776 1997 ibi
791 1925 836 1998 nd
852 1951 973 2026 rogem
989 1925 1164 2025 pervenit.

775 2116 1033 2209 ccccxvm.

423 2296 500 2367 Rex
527 2293 700 2392 Pippinus
722 2318 805 2365 cum
829 2294 990 2391 primum
1014 2292 1058 2365 ad
1085 2291 1222 2369 bellum
1244 2291 1438 2394 gerendum

377 2425 517 2508 tempus
530 2432 735 2507 congruum
750 2434 823 2482 esse
835 2407 994 2496 videret,
1010 2423 1159 2484 evocato
1171 2408 1335 2509 undique
1345 2434 1440 2483 exer·

376 2527 470 2614 citu,
498 2524 542 2597 ad
565 2523 796 2597 santonicam
825 2524 1007 2597 civitatem
1030 2523 1229 2598 contendit.
1258 2523 1441 2624 captoque

377 2643 413 2715 in
437 2641 565 2715 itinere
587 2642 800 2717 Rimistaino
817 2643 892 2739 (ὁ),
916 2667 999 2714 cnm
1015 2641 1059 2714 ad
1082 2640 1213 2714 urbem
1234 2641 1440 2740 praedictam

376 2757 548 2843 venisset,
568 2770 684 2830 mater
701 2771 738 2829 et
755 2782 860 2831 soror
883 2771 920 2830 et
935 2771 1060 2856 neptas
1079 2756 1246 2837 Waisarii
1265 2755 1369 2833 ducis
1386 2756 1440 2857 (6)

375 2873 419 2947 ad
446 2887 679 2971 conspectum
708 2875 782 2970 ejus
813 2869 975 2946 adductae
1004 2890 1103 2947 sunt.
1140 2873 1236 2967 Quas
1268 2899 1356 2949 cum
1386 2874 1441 2973 pie

376 3004 553 3086 susceptas
570 2986 703 3062 servari
715 2987 893 3084 jussisset,
911 2982 955 3060 ad
967 2985 1178 3062 Garonnam
1190 2987 1346 3069 fluvium
1361 3012 1441 3090 pm·

377 3104 562 3195 ficiscitur,
583 3101 645 3176 uhi
663 3103 695 3178 ei
711 3104 900 3179 Erowicus
912 3105 966 3202 (7)
981 3130 1065 3179 cum
1081 3104 1149 3181 alia
1164 3105 1331 3206 praedicti
1344 3106 1440 3183 ducis

376 3248 500 3297 sorore
516 3222 696 3309 occurrit,
716 3222 754 3294 in
771 3221 853 3296 loco
869 3223 931 3323 qui
948 3224 1091 3298 Montes
1103 3238 1269 3315 vocatur,
1283 3249 1393 3325 coque
1406 3239 1440 3297 ct

378 3340 476 3412 ittam
487 3341 562 3439 regi
573 3337 863 3413 tradiditRebus
874 3340 984 3439 igitur
994 3339 1133 3440 aliquot
1143 3341 1439 3442 prosper-egeatis,

412 3651 451 3718 (ι)
469 3644 539 3701 Cod.
553 3645 709 3700 Hannover.
725 3645 822 3700 habuit
835 3646 884 3700 vet
893 3649 958 3716 egit.

411 3738 450 3806 (a)
469 3735 511 3790 Al.
527 3732 768 3790 scolam-nu.
786 3734 941 3802 Turrinnc,
961 3734 1109 3788 Tornnna.
1165 3769 1169 3776 -

411 3823 449 3898 (ὃ)
467 3822 537 3882 cod.
551 3824 659 3878 vair.
674 3826 732 3895 ipse
746 3843 813 3877 vero
822 3823 869 3876 ibi.
882 3821 952 3878 cod.
965 3821 1127 3877 Vindobon.
1139 3839 1191 3897 99⁰
1203 3846 1207 3873 :
1220 3823 1280 3895 ipse
1291 3820 1437 3877 catamiti.

411 3919 449 3987 (4)
469 3917 501 3969 D.
517 3915 604 3987 Bouq.
621 3922 752 3966 moratus.

412 4003 451 4073 (5)
468 4003 536 4058 Cod.
554 3999 713 4057 Vindobon.
728 4018 796 4074 990·
814 4000 993 4054 Rimostamo.

413 4094 450 4163 (6)
469 4093 511 4147 ld.
529 4090 588 4146 cod.
605 4094 687 4161 regis.

413 4183 451 4254 (7)
467 4180 536 4234 Cod.
553 4179 660 4234 'sterio
678 4177 859 4231 lt'worwicus
868 4203 875 4240 ,·
893 4175 926 4230 D.
942 4175 1030 4249 Bouq.
1044 4175 1223 4231 Eberwicus.
