3000 5272
215 667 255 731 22
469 663 564 725 vtTl
584 663 731 726 Kuuotl
752 662 1028 726 turturinum&

212 793 445 895 praefectum,
463 819 521 866 res
535 819 644 868 novas
660 793 871 868 molientem
884 795 1127 894 opprimeret,
1148 808 1255 869 totam

212 939 285 1012 que
296 912 434 985 ltaliam
450 936 524 985 suae
535 911 666 986 ditioni
683 909 906 1012 subjugaret,
919 909 1149 1013 subactaeque
1165 910 1255 985 filim

211 1054 318 1101 suum
344 1026 540 1127 Pippinum
565 1053 688 1129 regem
714 1028 930 1128 imponeret.
961 1027 1101 1100 ltaliam
1128 1028 1255 1101 iutrau¹

211 1169 323 1243 quam
348 1141 500 1216 difficilis
526 1142 674 1244 Alpium
702 1144 873 1218 transitus
901 1141 1040 1232 suerit,
1070 1157 1255 1245 quantoqu

211 1261 433 1334 Francorum
457 1258 581 1334 labore
604 1260 699 1334 invia
716 1259 900 1334 montium
916 1264 1002 1360 juga
1024 1273 1062 1333 et
1081 1259 1255 1334 eminent«

211 1375 250 1451 in
268 1377 405 1451 coelum
418 1376 555 1476 scopuli
573 1392 681 1477 atque
697 1403 832 1477 asperae
854 1391 972 1450 cautes
987 1390 1164 1475 superatae
1183 1375 1255 1449 sint

211 1489 282 1567 hoc
292 1493 374 1569 loco
383 1491 622 1567 describerem
632 1495 649 1593 (
654 1493 690 1592 ι)
699 1548 710 1583 ,
720 1494 788 1567 nisi
802 1493 886 1565 vitoe
897 1492 992 1566 illius
1002 1491 1152 1568 modum
1160 1491 1255 1593 posit

210 1634 320 1710 quam
335 1609 516 1686 bellorum
532 1637 616 1711 quoe
628 1613 735 1712 gessit
746 1628 895 1685 eventus
906 1611 1093 1685 memoriae
1110 1609 1255 1683 mundar

211 1727 381 1824 praesenti
404 1754 514 1829 opere
535 1730 658 1804 animo
675 1745 766 1804 emet
780 1730 1023 1830 propositum.
1040 1729 1141 1803 Finis
1159 1744 1255 1803 nme

212 1841 318 1943 hujus
335 1842 420 1919 belli
437 1844 510 1919 fuit
525 1843 669 1919 subacta
684 1845 806 1935 ltalia,
827 1859 865 1920 et
885 1872 949 1919 rex
968 1844 1171 1920 Desiderius
1191 1870 1255 1944 per

211 1977 324 2061 petuo
340 1962 450 2037 exilio
468 1963 695 2064 deportatus,
719 1979 757 2037 et
771 1963 866 2039 filius
884 1965 958 2062 ejus
978 1961 1164 2062 Adalgisus
1180 1960 1255 2033 ltali

212 2079 352 2178 pulsus,
373 2095 410 2154 et
426 2107 483 2156 res
502 2109 522 2155 a
544 2080 865 2182 Langobardorum
880 2081 937 2181 (a)
955 2081 1101 2182 regibus
1122 2092 1255 2180 ereptae

212 2191 373 2270 Adriano
391 2196 467 2294 (ὅ),
487 2197 661 2272 &manae
677 2196 834 2273 ecclesie
846 2197 1002 2286 rectori,
1021 2195 1214 2270 restitutae.

262 3019 342 3094 Vll.
369 3020 456 3092 Post
477 3020 535 3120 (4)
553 3024 653 3120 cujus
674 3022 784 3096 finem
806 3021 1044 3111 Saxonicum,
1063 3021 1164 3123 quod
1179 3046 1255 3124 qun

214 3136 457 3209 intermissum
484 3135 684 3232 videbatur,
710 3139 904 3239 repetitum
932 3155 985 3215 est
992 3168 1004 3230 ς
1035 3164 1112 3240 quo
1136 3139 1255 3213 nullm

212 3280 330 3354 neque
339 3254 531 3354 prolixius,
541 3281 659 3357 neque
672 3258 829 3331 atrocius
840 3254 1255 3358 Francorumquepopul

213 3369 426 3446 laboriosius
442 3387 647 3474 susceptum
663 3390 738 3463 est,
757 3376 841 3476 quia
856 3376 1033 3465 Saxones,
1048 3375 1142 3449 sieut
1153 3400 1255 3449 omn«

210 3487 287 3563 fere
313 3487 542 3565 Germaniam
571 3492 770 3567 incolentes
796 3493 980 3582 nationes,
1008 3509 1046 3567 et
1070 3507 1200 3567 natura
1224 3489 1255 3565 fe

212 3631 330 3696 roces,
350 3622 387 3680 et
399 3607 512 3679 cultui
525 3607 734 3683 daemonum
746 3608 878 3700 dediti,
895 3625 1101 3712 nostraeque
1112 3608 1255 3710 religio}

213 3724 405 3817 contrarii,
435 3751 552 3826 neque
577 3725 697 3798 divina
724 3750 843 3827 neque
868 3725 1022 3801 humana
1045 3724 1199 3825 jure(5)
1224 3748 1255 3796 vi

245 3985 287 4058 (ι)
304 3983 544 4041 eucnemon.
562 4009 568 4038 :
584 3984 773 4041 disertiorem.

245 4078 287 4148 (a)
303 4074 348 4131 Al.
364 4074 625 4147 Longobardorum.

244 4164 284 4239 (ὅ)
301 4166 425 4222 Nnenar.
440 4166 521 4221 Com.
539 4176 568 4221 et
586 4165 746 4240 Marqmrd.
765 4165 919 4234 Prolem,
935 4182 999 4221 cnm
1012 4162 1095 4223 socc.
1114 4162 1255 4225 Vindobn

211 4252 264 4322 654
275 4267 304 4312 et
315 4255 387 4330 neg.
401 4255 490 4312 Paris.
506 4252 595 4330 4955:
610 4254 765 4313 Hadn'ano.

244 4347 284 4417 (A)
301 4346 346 4401 Cf.
366 4344 465 4401 chron.
486 4344 516 4401 S.
537 4344 656 4420 Benigni
674 4347 832 4403 Divionens.
855 4345 1003 4419 fragment.
1021 4362 1067 4423 ap.
1081 4345 1117 4402 D.
1134 4345 1255 4423 Bouqu

212 4434 492 4507 uffinmfflme

244 4519 283 4594 (5)
301 4522 343 4578 cf.
358 4523 456 4578 chron.
475 4523 504 4579 S.
520 4522 651 4598 Benigni,
666 4522 732 4580 ibid.
745 4544 774 4597 p.
789 4542 833 4598 91,
847 4524 940 4598 nous.
