3000 5272
219 389 279 449 376
606 385 888 445 HLUDOWICUS.

216 517 441 590 Britanniam
452 514 750 605 conturbaverat,
767 533 802 590 et
817 514 1062 591 obstinatione
1075 514 1277 590 stultissima

217 635 261 706 ad
273 648 508 708 memoratam
520 631 785 732 expeditionem
799 632 862 707 illo
876 631 1074 706 faciendam
1089 632 1279 730 imperato-

217 753 266 823 ris
282 753 443 824 animum
460 766 737 850 provocaverat,
757 751 901 823 tandem
918 750 1049 823 saniori
1066 774 1155 823 usus
1171 751 1280 824 oonsi-

215 868 285 955 lio,
305 866 348 939 ad
361 850 468 939 iidem
483 866 727 965 imperatoris,
746 881 788 938 ut
802 866 876 966 ipse
889 865 1049 955 dicebat,
1065 866 1195 941 venire
1210 891 1278 939 non

216 983 406 1057 dubitavit.
432 983 498 1055 Cui
521 1008 604 1054 cum
627 984 823 1081 imperator
841 1000 878 1057 et
906 984 1129 1084 ignosceret,
1147 1000 1186 1058 et
1200 1009 1280 1056 mu-

216 1097 363 1173 neribus
379 1098 552 1172 donatum
572 1123 744 1169 unacum
762 1101 900 1172 caeteris
917 1100 1034 1199 gentis
1053 1123 1130 1172 suaa
1148 1099 1279 1198 prinm-

213 1215 314 1290 ribus
330 1216 480 1291 domum
495 1242 652 1290 remeare
663 1217 911 1316 permitteret,
930 1217 1145 1317 promissam
1156 1213 1278 1305 fidem,

215 1350 256 1406 ut
272 1336 371 1435 prius
389 1350 644 1421 consueverat,
663 1334 841 1433 gentilitia
858 1335 1005 1434 perfidia
1024 1335 1278 1422 commutavit,

214 1477 256 1523 ac
277 1452 415 1524 vicinos
436 1475 519 1524 suos
548 1448 721 1523 incendiis
746 1465 783 1524 et
808 1449 1073 1550 direptionibus
1100 1453 1142 1525 in
1167 1477 1281 1552 quan-

214 1585 295 1640 tum
313 1567 433 1665 potuit
461 1562 629 1640 infestare
649 1593 726 1641 non
745 1594 900 1657 cessans,
919 1568 1036 1644 donec
1058 1567 1107 1642 ab
1129 1567 1282 1644 bomini·

212 1679 280 1754 bus
299 1680 485 1754 lantberti
506 1682 648 1755 comitis
670 1684 708 1754 in
725 1682 836 1757 domo
853 1685 999 1784 propria
1017 1685 1281 1758 circumventus

212 1815 319 1899 atque
338 1797 548 1871 interfectus
563 1814 628 1871 est.
650 1801 851 1898 Imperator
863 1825 964 1885 vero,
980 1799 1102 1873 audita
1114 1800 1282 1903 Balgaro·

212 1944 296 1989 rum
312 1917 508 2017 legatione,
528 1944 593 2016 per
609 1917 752 1991 eosdem
769 1919 831 2018 qni
851 1917 895 1990 ad
919 1944 1002 1991 eum
1023 1920 1125 1992 missi
1142 1915 1281 1994 fumat

212 2035 347 2136 legatos
360 2035 433 2135 regi
448 2059 575 2107 eorum
589 2035 704 2106 missis
719 2035 862 2124 litteris,
877 2052 990 2134 prout
1004 2033 1202 2110 videbatur
1213 2061 1281 2110 res·

211 2151 364 2251 pandit,
383 2151 600 2251 dimissoque
618 2166 801 2225 conventu
810 2205 821 2239 ,
843 2152 880 2223 in
894 2151 1075 2251 Vogesum
1092 2151 1138 2224 ad
1154 2153 1280 2226 Rume

213 2271 278 2343 rici
293 2285 457 2345 montem
471 2271 524 2366 (1)
539 2268 691 2342 venandi
704 2269 815 2368 gratia
828 2267 1032 2367 profectus,
1050 2268 1170 2343 filium
1184 2297 1280 2344 suum

212 2386 442 2486 Hlotharium
457 2413 500 2459 ex
514 2385 611 2458 ltalia
627 2411 827 2485 regressum
835 2384 961 2487 ibique
973 2384 1017 2458 ad
1028 2412 1065 2460 se
1078 2387 1278 2462 venientem

213 2507 381 2605 suscepit,
397 2530 437 2576 ac
452 2519 593 2604 peracta
608 2507 801 2579 venatione
814 2503 1034 2606 Aquasgrani
1049 2504 1211 2596 rediens,
1222 2531 1279 2606 ge-

213 2623 372 2698 neralem
388 2621 515 2721 populi
538 2622 591 2692 sui
616 2636 837 2694 conventum
858 2647 961 2696 more
985 2619 1142 2695 solemni
1168 2648 1278 2697 meuse

213 2757 363 2841 augusto
381 2737 518 2812 habuit.
545 2740 587 2811 ln
608 2765 683 2840 quo
695 2754 887 2813 conventu
906 2739 1003 2813 inter
1020 2756 1173 2815 crateras
1192 2740 1278 2841 lega-

213 2862 351 2946 tiones,
374 2884 456 2958 quae
478 2858 522 2932 de
543 2857 691 2932 diversis
713 2857 875 2958 partibus
891 2873 1094 2948 venerunt,
1117 2861 1230 2934 etiam·
1248 2874 1277 2933 et

213 2976 374 3051 filiorum
391 2973 582 3048 Godofridi
600 2975 644 3048 de
661 2974 900 3048 Nortmannia
918 2973 1052 3076 legatos
1069 2975 1229 3065 audivit,
1245 3001 1277 3048 ac

213 3119 356 3193 pacem,
382 3116 492 3192 quam
518 3088 624 3162 iidem
647 3089 714 3162 sihi
740 3089 816 3163 dari
843 3089 1036 3191 petebant,
1060 3117 1149 3165 cum
1175 3092 1276 3167 eisin

212 3235 332 3282 marca
346 3231 473 3281 eorum
489 3231 611 3279 mense
628 3207 797 3281 octobrio
813 3207 1020 3282 confirmari
1035 3208 1168 3306 jussit;
1187 3234 1277 3284 com·

213 3326 389 3427 pletisque
407 3321 576 3397 omnibus
601 3325 774 3424 negotiis,
792 3350 875 3425 quae
892 3324 937 3396 ad
962 3323 1059 3396 illius
1083 3338 1276 3400 conventus

212 3442 392 3515 rationem
404 3440 584 3540 pertinere
597 3438 823 3528 videbantur,
836 3439 1102 3540 Noviomagum
1114 3466 1201 3513 cum
1211 3438 1276 3513 filio

212 3563 347 3658 majore
360 3557 519 3644 secessit,
540 3557 720 3630 minorem
734 3584 822 3631 vero
835 3555 951 3629 filium
968 3582 1075 3629 sunm
1090 3554 1276 3633 illudowi-

213 3704 296 3749 cnm
311 3677 348 3749 in
364 3675 560 3774 Bajoariam
577 3673 721 3746 direxit.
747 3677 825 3773 lpse
840 3688 960 3746 autem
969 3727 980 3761 ,
1003 3672 1209 3747 autumnali
1224 3697 1276 3747 ve·

248 3979 286 4046 (t)
303 3977 336 4029 D.
352 3977 436 4048 ltonq.
456 3994 517 4029 cnm
533 3976 653 4030 Nnenar.
670 3976 766 4030 comit.
780 3975 922 4029 Ilumerici
931 3991 1032 4029 arcem.
1047 3972 1190 4031 Freterm
1204 3998 1211 4029 ι
1224 3972 1273 4028 lla·

214 4087 351 4123 meracam.
