3000 5272
219 388 281 451 382
606 382 889 445 ntunowlcus.

218 515 320 591 diens
328 538 405 590 non
412 527 516 587 esset.
526 511 843 613 Quorumntrique
849 512 1280 619 denunciammestqnod

219 634 248 705 si
260 628 1056 731 mediooctobrioadimperatorisgeneralem
1065 646 1280 707 conventum

218 750 342 825 venire
355 746 566 835 distulisset,
590 744 785 849 condignas
797 747 958 847 perfidiae
977 772 1055 821 suoe
1072 772 1211 851 poenas
1222 776 1281 825 ue

218 866 401 941 daturum.
410 862 599 937 Venerunt
613 877 652 937 et
667 889 712 936 ex
728 863 939 938 Brittonnm
955 862 1193 965 primoribus
1206 891 1282 969 quos

218 982 314 1057 illius
323 981 449 1055 limitis
458 978 622 1054 ctastodes
634 978 810 1055 adducere
820 979 1032 1055 voluerunt.
1047 978 1198 1056 Eodem
1209 996 1282 1057 tnn-

217 1126 307 1202 pore
327 1097 516 1173 Harioldus
537 1123 621 1170 cnm
640 1123 753 1171 uxore
773 1111 811 1171 et
831 1123 958 1199 magna
974 1097 1177 1173 Danomm
1198 1098 1282 1173 ntul-

219 1216 374 1292 titudine
387 1215 551 1302 veniens,
568 1215 792 1314 Mogontiaci
810 1213 905 1315 apud
916 1214 1099 1289 Sanctum
1110 1212 1282 1291 Albanum

217 1362 302 1412 cum
316 1334 372 1408 his
383 1358 475 1435 quos
488 1357 609 1406 secum
628 1330 776 1405 adduxit
794 1330 989 1432 baptisatus
1004 1348 1081 1424 est,
1098 1334 1282 1437 multisqrt

217 1448 430 1527 muneribus
447 1447 493 1523 ab
510 1451 726 1550 imperatore
741 1449 918 1540 donatos,
941 1478 1009 1552 per
1026 1454 1208 1543 Frisium,
1223 1478 1281 1557 qn

216 1584 365 1645 venerat
376 1568 446 1655 via,
459 1592 621 1641 reversus
631 1582 699 1641 est.
715 1569 757 1640 ln
770 1594 841 1668 qua
854 1568 1044 1669 provincia
1058 1596 1163 1645 unns
1178 1570 1282 1647 conl·

217 1706 328 1777 tatus,
351 1688 414 1788 qui
442 1687 600 1759 llriustri
625 1702 789 1775 vocatur,
816 1685 932 1761 eidem
958 1685 1065 1761 datm
1089 1703 1168 1777 est,
1194 1702 1234 1763 nt
1249 1688 1279 1759 in

215 1835 298 1885 eum
310 1832 348 1881 se
360 1832 443 1880 cum
456 1804 564 1879 rebus
577 1804 669 1892 suis,
685 1805 714 1876 si
729 1806 917 1879 necessitas
931 1805 1117 1907 exigeret,
1134 1806 1280 1909 reeipn

215 1925 391 2026 potuisset
404 1923 476 2022 (ι).
492 1920 676 1994 Baldrieus
689 1945 776 1994 vero
788 1936 825 1995 et
840 1919 1065 2013 Gerboldns,
1084 1924 1278 1999 comitasse

214 2041 414 2117 Pannonici
431 2039 558 2112 limitis
573 2037 757 2137 praefecti,
782 2039 820 2111 in
833 2037 958 2114 eodem
971 2054 1167 2115 conventu
1186 2038 1279 2115 affut·

214 2173 325 2247 runt,
355 2172 390 2231 et
415 2153 532 2229 adhuc
552 2152 597 2229 de
619 2170 723 2229 motu
747 2155 985 2256 Bulgarorum
1005 2154 1205 2233 adversum
1225 2180 1279 2231 nos

213 2272 307 2349 nihil
321 2299 357 2347 se
373 2271 507 2345 sentire
519 2296 622 2370 posse
640 2270 758 2344 testati
776 2284 875 2343 sunt.
888 2269 1003 2345 Venit
1018 2296 1111 2345 cnm
1128 2270 1279 2347 baldrico

213 2388 406 2493 presbyter
426 2387 574 2489 quidam
589 2386 634 2461 de
645 2386 815 2475 Venetia,
836 2388 988 2462 nomine
1006 2386 1278 2493 Georgius,q='

214 2505 567 2609 scorganumsacere
577 2530 680 2604 posse
689 2503 867 2579 asserebat
878 2505 952 2605 (s);
964 2529 1081 2605 quem
1092 2506 1280 2609 imperatu

213 2623 435 2729 Aquasgrani
445 2649 528 2696 cum
538 2619 808 2721 Thaucolfo(3)
818 2619 1003 2696 sacellario
1013 2622 1277 2719 misinensi

212 2744 335 2819 omnia
347 2740 391 2815 ad
403 2740 438 2815 id
453 2740 738 2814 instrumentum
749 2738 974 2814 efficiendum
983 2742 1279 2843 neeessariap*

212 2859 402 2945 berentur,
421 2856 623 2956 imperavit.
640 2854 892 2957 condictoque
909 2880 952 2929 ac
968 2858 1225 2955 pronunciabo
1243 2852 1278 2929 ad

213 2973 371 3050 medium
389 2972 597 3047 octobrium
612 2972 768 3072 generali
783 2985 989 3063 conventu,
1004 2972 1156 3049 caeteris
1170 2971 1279 3051 omni·

213 3090 280 3165 bus
295 3115 399 3165 more
411 3088 564 3164 solemni
578 3088 765 3178 absolutis,
781 3090 855 3190 ipse
867 3102 968 3161 trans
981 3088 1158 3165 llrenum
1172 3090 1218 3165 ad
1227 3088 1279 3165 vll·

212 3207 301 3295 lam,
324 3231 407 3306 quse
431 3203 509 3277 Salz
529 3204 584 3302 (4)
604 3218 770 3293 vocatur,
797 3228 881 3277 cum
902 3226 968 3278 suo
991 3204 1180 3281 comitatu
1199 3232 1279 3309 pno-

211 3325 326 3402 fectus
335 3339 401 3399 est.
417 3321 472 3397 lbi
486 3322 530 3396 ad
540 3348 625 3396 eum
634 3322 740 3423 legati
751 3320 1079 3420 Neapolitanorum
1090 3339 1277 3409 venerunt,

247 3644 288 3710 (ι)
304 3639 359 3695 llle
372 3639 510 3694 Frehcrus
523 3639 608 3695 habet
619 3664 624 3693 :
642 3640 756 3694 Veritus
766 3648 861 3695 murm
871 3642 1018 3711 pt's'sst'mus
1028 3644 1200 3719 imperator,
1208 3642 1278 3703 not

212 3730 267 3785 tale
273 3728 390 3803 sactum
403 3736 555 3801 negaretur
572 3732 599 3783 ei
613 3728 748 3784 habitatio
761 3728 900 3784 amumlis
908 3772 916 3797 ,
929 3728 1012 3786 dedit
1022 3734 1055 3787 εἰ
1070 3734 1226 3807 quanda
1240 3752 1277 3789 oo·

211 3822 339 3873 mitatem
350 3820 380 3871 in
394 3817 499 3886 Fra'ss'a,
513 3818 594 3891 cujus
604 3818 774 3873 vocabulum
787 3827 829 3874 est
841 3818 959 3875 Ilur'slai.

245 3907 284 3977 (a)
301 3906 356 3961 lllc
367 3904 506 3961 Frellerus
515 3904 638 3980 quedam
646 3906 797 3980 interpolat
805 3925 838 3963 ex
847 3907 902 3963 vita
908 3906 1076 3969 Hludowici
1082 3912 1142 3987 pit,
1150 3912 1231 3988 oepll.
1239 3914 1273 3977 la.

210 3994 366 4067 desumpta.

247 4081 285 4155 (3)
304 4082 358 4139 llll.
377 4082 530 4156 Tancolso‚
550 4083 729 4158 Tlsamcolfo,
749 4083 898 4157 Tanoulso.

245 4175 285 4243 (l)
303 4174 358 4229 ΑΙΙ.
373 4174 448 4237 Sola,
465 4174 544 4237 Sata,
562 4173 632 4227 Sels.
