3000 5272
365 407 425 469 140
802 405 989 467 PIPPINUS.

363 555 401 615 et
409 540 492 640 igne
500 537 699 627 devastans,
711 553 901 639 postquam
908 537 952 611 ad
965 538 1164 613 Limovicas
1177 539 1236 637 (1)
1252 539 1426 639 oppidum

363 659 486 748 venit,
501 682 664 730 reversus
676 671 747 747 eet,
762 672 799 730 et
823 657 859 728 in
877 656 961 728 villa
978 656 1155 730 Carisiaeo
1178 654 1343 730 hibemis
1364 655 1426 730 ha-

364 773 474 863 bitis,
496 772 659 848 Natalem
683 774 833 846 Domini
858 801 899 845 ac
920 773 1049 846 Pascha
1069 772 1277 847 celebravit.
1303 776 1348 847 ln
1363 773 1425 846 hae

365 889 592 990 expeditione
604 888 674 960 suit
682 889 956 990 cummgefilius
965 893 1038 988 ejus
1048 890 1426 989 primogenitusKam

363 1005 440 1100 lus,
454 1006 498 1078 ad
508 1031 617 1105 quem
627 1021 710 1104 post
721 1006 829 1104 patris
847 1002 989 1078 obitum
1007 1005 1117 1078 totius
1132 1005 1273 1104 imperii
1290 1031 1425 1079 summa

365 1148 536 1197 conversa
550 1136 603 1196 est
618 1124 682 1220 (a).

791 1568 996 1641 Dcctxn.

414 1730 588 1830 Pippinus
607 1756 672 1805 rex
692 1745 856 1830 suscepto
879 1757 899 1802 a
926 1757 964 1804 se
989 1728 1087 1803 bello
1105 1729 1216 1802 finem
1242 1730 1428 1829 imponent

366 1847 532 1947 cupiens,
552 1848 685 1921 iterum
701 1848 940 1947 aquitanimm
955 1847 1180 1946 provinciam
1193 1872 1278 1920 cum
1292 1849 1428 1949 magnis

366 1963 478 2062 copiis
507 1964 637 2036 intrat:
658 1965 840 2064 captisque
868 1964 1025 2035 Biturica
1052 1963 1195 2035 civitate
1223 1978 1261 2036 et
1287 1962 1429 2036 metello

367 2080 535 2168 Toarcis,
553 2081 761 2153 mvertitur.
782 2081 1031 2180 Hiemavitqne
1045 2082 1083 2152 in
1101 2079 1184 2152 villa
1201 2078 1427 2167 Gentiliaeo3

365 2210 474 2297 atque
491 2199 529 2271 in
546 2223 587 2272 ea
601 2198 656 2296 (3)
674 2197 837 2272 Natalem
856 2199 1002 2271 Domini
1019 2225 1060 2271 ac
1077 2195 1252 2271 Paschalie
1267 2197 1352 2272 festi
1372 2223 1430 2271 so-

366 2310 499 2386 lemnia
515 2315 571 2411 (4)
586 2311 792 2386 celebravit.

785 2638 1006 2711 nccnxlss.

415 2797 602 2872 Redeunte
613 2799 699 2870 anni
711 2822 874 2898 congruo
882 2814 1058 2898 tempore,
1067 2813 1251 2872 conventu
1260 2800 1300 2874 in
1309 2799 1431 2875 Νίνου

367 2915 426 2988 nis
436 2912 581 3002 habito,
600 2931 637 2987 et
652 2916 848 2988 contractis
865 2915 1027 3016 undique
1039 2917 1165 3016 copiis,
1180 2942 1244 2990 rex
1256 2917 1430 3017 Pippinns

367 3029 599 3131 Aquitaniam
622 3031 754 3129 tepetit
763 3085 776 3119 ,
802 3047 838 3104 et
856 3032 978 3105 omnia
995 3058 1079 3133 qnae
1094 3048 1194 3107 extra
1209 3034 1430 3109 munitiones

368 3161 472 3221 erant
488 3144 641 3220 serenet
662 3146 745 3246 igne
756 3146 992 3248 depopulatus
1000 3203 1012 3237 ,
1036 3175 1149 3250 usqne
1162 3148 1208 3222 ad
1222 3148 1431 3225 (adamim

367 3263 543 3364 oppidum
566 3263 711 3337 accensit
729 3265 797 3362 (5).
823 3264 910 3338 Inde
931 3291 1015 3338 cum
1039 3266 1182 3365 integro
1202 3269 1365 3341 exercita
1395 3269 1432 3342 in

368 3380 555 3454 Franciam
565 3408 602 3455 se
612 3397 834 3482 receptum,
848 3409 914 3484 per
924 3383 1145 3457 Limnaieam
1151 3384 1207 3482 (6)
1215 3385 1430 3487 regrediun.

404 3662 443 3734 (a)
461 3659 553 3717 codd.
567 3660 728 3717 vindobon.
745 3681 793 3716 tto
803 3672 831 3716 et
840 3680 894 3736 99⁰
906 3686 911 3715 :
922 3662 1095 3717 Lemovices.
1104 3662 1139 3716 D.
1152 3661 1430 3736 Βοηηιὺιονὲωι

403 3754 444 3823 (a)
461 3751 506 3808 Sit
529 3752 609 3807 Perta
629 3769 692 3807 eum
714 3750 796 3806 codd.
820 3752 958 3807 Foeheens
975 3762 1005 3806 et
1028 3752 1062 3805 Ι).
1086 3753 1174 3826 Bonq.
1196 3756 1217 3805 ι’.
1237 3772 1349 3831 samam
1369 3772 1432 3826 ραι

371 3845 453 3899 vem·
1237 3866 1242 3871 “

403 3930 444 4004 (3)
460 3931 532 3989 Cod.
543 3931 702 3987 Hannone.
717 3930 825 3985 eaden.

404 4025 443 4092 (ί)
460 4020 961 4089 codd.s011empnta.s011em.lt
978 4019 1065 4093 Bouq.
1084 4021 1289 4081 mentitum.

404 4110 445 4181 (ὁ)
462 4111 533 4167 sad.
549 4111 707 4167 Rannover.
723 4115 807 4164 uenit.

406 4199 445 4269 (6)
457 4200 536 4255 Perta
553 4224 557 4251 :
576 4200 759 4254 Lemni-aeaut.
