3000 5272
390 418 449 478 ΜΒ
827 408 1014 472 KAROLUS.

389 565 455 638 set,
468 563 505 621 et
510 550 612 645 juxta
621 544 753 629 locum,
766 545 827 643 qui
840 539 1074 617 Bardenwiclr
1087 543 1103 639 <
1111 544 1143 635 r')
1157 559 1322 631 vocatur,
1333 546 1446 642 positis

388 667 531 752 castris,
548 662 774 746 Sclavorum,
792 686 883 759 quos
896 659 939 731 ad
954 687 990 734 se
1003 659 1127 733 venire
1138 663 1312 758 jusserat,
1330 688 1448 761 expec-

388 797 481 855 taret
512 780 705 852 adventum
719 830 730 864 ,
765 776 889 850 subito
919 779 951 849 ei
983 778 1190 849 nuntiatum
1220 794 1296 866 est,
1322 779 1449 851 witzi-

387 924 478 971 num
495 898 571 996 (a),
590 920 709 994 regem
729 891 1009 978 Abodritorum,
1028 920 1110 965 cum
1127 892 1248 967 Albim
1270 896 1448 984 traiceret,

387 1014 426 1085 in
440 1012 626 1110 dispositas
640 1037 658 1080 a
674 1007 875 1081 Saxonibus
898 1007 1041 1080 insidias
1062 1009 1100 1079 in
1115 1010 1191 1108 ipso
1205 1010 1360 1085 llumine
1374 1013 1451 1085 inci·

385 1130 496 1218 disse,
517 1146 553 1202 et
569 1127 614 1199 ab
632 1129 681 1201 eis
699 1154 772 1201 esse
790 1127 1035 1201 interfectum.
1057 1128 1163 1220 Quod
1180 1127 1318 1203 factum
1337 1133 1451 1207 animo

386 1248 479 1348 regis
493 1244 536 1318 ad
555 1247 712 1316 Saxones
725 1244 829 1315 citius
842 1242 1073 1316 debellandos
1088 1244 1187 1317 velut
1199 1245 1380 1344 quosdam
1395 1247 1451 1319 sti-

386 1363 504 1437 mulos
528 1359 682 1445 addidit,
705 1375 741 1431 et
770 1359 808 1430 in
838 1359 962 1432 odium
988 1359 1134 1458 perfidae
1162 1362 1281 1460 gentis
1307 1363 1451 1463 amplius

386 1480 566 1554 excitavit.
595 1479 707 1549 Terra
742 1477 853 1576 igitur
883 1503 1010 1576 magna
1041 1503 1084 1549 ex
1111 1494 1214 1576 parte
1236 1494 1396 1569 vastata,
1423 1495 1453 1553 et

386 1595 589 1681 obsidibus,
610 1619 702 1693 quos
722 1593 806 1665 dare
821 1596 990 1693 jusserat,
1015 1595 1186 1693 acceptis,
1217 1595 1255 1666 iu
1271 1596 1452 1669 Franciam

385 1738 547 1786 reversus
572 1727 638 1782 est.
669 1712 708 1782 ln
735 1708 800 1780 hac
823 1708 1072 1808 expeditione,
1100 1711 1188 1783 dum
1212 1728 1331 1786 castra
1355 1740 1452 1813 super

384 1828 508 1904 Albim
530 1825 677 1900 haberet
689 1880 699 1912 ,
716 1842 895 1899 venerunt
916 1826 1060 1900 adeum
1083 1828 1187 1929 legati
1207 1829 1252 1903 de
1273 1832 1450 1907 Pannonia

384 1946 493 2017 unius
519 1946 576 2042 (3)
604 1971 647 2017 ex
671 1940 894 2041 primoribus
919 1945 1136 2031 Hunorum,
1162 1947 1226 2046 qui
1255 1947 1356 2048 apud
1381 1974 1450 2022 suos

385 2063 611 2160 Thudunld)
637 2059 845 2135 vocabatur.
874 2063 906 2132 ls
932 2077 968 2133 et
994 2089 1098 2134 suum
1118 2063 1338 2156 adventum,
1366 2083 1403 2141 et
1421 2092 1450 2138 se

385 2179 621 2252 christianum
646 2178 721 2249 lieri
747 2176 840 2249 velle
866 2178 1046 2275 promisit.
1072 2181 1147 2253 Rex
1172 2196 1296 2255 autem
1320 2183 1449 2283 Aquas-

383 2296 485 2395 grani
512 2295 678 2378 veniens,
701 2294 794 2363 sicut
818 2308 853 2363 et
873 2318 970 2363 anno
993 2295 1177 2391 superiore
1194 2295 1275 2394 (5),
1295 2294 1348 2368 ibi
1370 2313 1447 2372 tem-

382 2409 533 2510 poribus
553 2410 625 2481 suis
645 2425 681 2481 et
702 2408 864 2480 Natalem
882 2409 1028 2481 Domini
1048 2425 1083 2481 et
1102 2410 1230 2482 Pascha
1248 2411 1444 2486 celebrarit.

809 2618 1029 2691 DCCXCVI.

433 2781 578 2866 Romae,
605 2778 764 2850 Adriano
791 2777 982 2866 defuncto,
1011 2781 1084 2851 Leo
1102 2780 1360 2879 pontificatum
1381 2811 1446 2856 sus·

386 2895 501 2994 cepit,
531 2909 567 2966 et
591 2920 678 2966 mox
705 2920 771 2992 per
801 2894 935 2994 legatos
965 2920 1048 2969 suos
1077 2895 1191 2969 claves
1222 2897 1445 2973 consessionis

384 3011 505 3085 Sancti
524 3010 621 3082 Petri
640 3037 679 3082 ac
696 3011 867 3083 vexillum
889 3013 1063 3085 Romame
1083 3011 1185 3085 urbis
1201 3015 1259 3113 (6)
1277 3042 1363 3090 cum
1381 3017 1446 3089 aliis

385 3126 599 3203 muneribus
621 3129 696 3228 regi
718 3128 833 3214 misit,
859 3129 1072 3228 rogavitque
1086 3145 1128 3202 ut
1150 3129 1310 3232 aliquem
1327 3132 1373 3209 de
1386 3134 1445 3205 suis

386 3241 622 3346 optimatibus
646 3245 798 3316 Romam
820 3244 1005 3331 mitteret,
1030 3245 1093 3344 qui
1117 3246 1299 3345 populum
1326 3250 1444 3324 Roma

386 3385 476 3432 num
500 3357 544 3431 ad
571 3384 671 3428 suum
697 3355 805 3429 fidem
833 3373 940 3457 atque
964 3357 1225 3459 subjectionem
1248 3388 1318 3462 per
1341 3388 1443 3437 sacra·

420 3681 459 3751 (ι)
477 3675 947 3745 All.Bardemwr'lz,Bardenw1'c,
963 3677 1151 3754 Burdenwig,
1162 3679 1383 3739 Batriembuab.
1490 3730 1492 3747 ,

421 3772 461 3842 (2)
478 3766 534 3824 All.
554 3767 590 3819 W
588 3769 701 3832 izinum,
719 3765 870 3821 Uurzinum
880 3792 886 3823 ;
897 3766 931 3820 D.
943 3766 1030 3840 Bouq.
1046 3779 1074 3822 et
1088 3768 1180 3825 Nuen.
1195 3788 1308 3828 comet:
1326 3772 1434 3827 Wlffl-
1490 3768 1492 3773 ¹

421 3855 460 3928 (3)
479 3857 521 3910 lta
540 3854 625 3908 habet
644 3854 723 3907 Perta
742 3872 806 3907 cum
823 3854 904 3908 codd.
922 3855 1044 3909 melioris
1059 3867 1138 3911 notae.
1157 3857 1193 3913 D.
1208 3858 1336 3918 Nuenar.
1348 3874 1432 3917 com.

385 3945 526 4002 Freherus
538 3953 567 3997 et
577 3941 613 3995 D.
629 3942 718 4014 Bouq.
732 3962 814 3996 unus.

420 4039 460 4108 (A)
478 4034 534 4090 llll.
553 4031 670 4098 Tudun,
692 4031 818 4100 Tardum,
839 4031 956 4099 Tudmi,
975 4032 1088 4088 Tradun.

420 4128 458 4198 (5)
477 4129 510 4181 l).
526 4126 614 4197 Bouq.
629 4141 692 4177 cunr
708 4124 798 4177 Nuen.
811 4126 904 4178 comit.
915 4135 943 4178 et
952 4123 1012 4177 cod.
1025 4125 1133 4179 Treuir.
1148 4131 1246 4198 priori.

421 4218 458 4287 (a)
476 4215 564 4272 Codd.
581 4214 922 4269 ltan110v.ett‘indot›0n.
939 4234 1005 4267 110:
1022 4216 1153 4269 ecclesia⁴
