3000 5272
223 393 281 452 150
467 391 645 450 KAROLUS
667 390 717 450 ΕΤ
738 391 1037 452 Kentouluutts.

389 633 616 713 KAROLUS
642 637 705 712 ΕΤ
731 636 1119 718 KluLOMlNNUS.

636 843 862 918 Dcctxlx.

263 1007 464 1104 l'mtquam
497 1001 533 1074 hi
563 1002 636 1078 duo
663 1003 791 1077 fratres
815 1006 906 1103 patri
938 1005 1166 1080 succedentes
1199 1024 1286 1109 neg-

224 1148 313 1194 num
332 1122 428 1194 inter
443 1147 479 1193 se
498 1120 622 1220 partiti
645 1135 750 1206 sunt,
768 1120 961 1219 Aquitania
978 1121 1167 1220 provincie
1174 1176 1185 1212 ,
1204 1144 1286 1225 que

224 1237 261 1307 in
276 1251 410 1309 sortem
423 1235 567 1334 majoris
580 1248 667 1307 natu
681 1230 804 1309 Karoli
817 1237 909 1336 regis
922 1253 1083 1325 cesserat,
1096 1256 1286 1313 remanen-

223 1350 319 1424 tibus
336 1353 373 1424 in
389 1377 427 1424 ca
443 1351 608 1423 transacti
631 1349 716 1424 belli
743 1351 919 1452 reliquiis,
939 1354 1195 1454 conquiescam
1210 1374 1285 1431 non

223 1469 357 1568 potuit.
379 1468 471 1541 Nam
487 1466 675 1541 Hunoldus
690 1467 744 1564 (ι)
762 1468 908 1568 quidem
928 1488 1082 1570 regnum
1094 1469 1283 1559 allectam,

222 1586 499 1686 provincialium
527 1586 665 1659 animos
689 1586 732 1658 ad
759 1611 852 1660 nora
879 1586 1057 1662 molienda
1076 1588 1284 1663 concitavit.

223 1702 359 1776 Contra
380 1722 489 1803 quem
510 1701 602 1800 ipse,
626 1701 682 1772 cui
710 1699 831 1775 eadem
858 1703 1043 1802 provincia
1060 1716 1160 1778 sorte
1177 1702 1287 1781 obre·

224 1837 345 1903 neret,
372 1846 435 1893 rex
459 1819 613 1891 Karolus
635 1844 717 1890 cum
740 1821 899 1893 exercitu
919 1818 1102 1920 profectus
1127 1836 1193 1896 est
1219 1818 1287 1897 Sed

204 1886 306 2010 lcum
319 1936 441 2009 fratris
450 1936 623 2008 auxilium
633 1934 763 2010 habere
776 1962 851 2011 non
863 1952 999 2036 posset,
1014 1938 1077 2038 qni
1093 1958 1287 2038 procerum

223 2078 373 2126 suorum
400 2078 512 2152 pravo
541 2052 692 2125 consilio
715 2077 762 2125 ne
787 2053 823 2125 id
842 2051 976 2129 faceret
1005 2053 1286 2154 impediebatur,

225 2169 408 2269 colloquio
426 2183 568 2240 tantum
586 2193 669 2240 cum
686 2194 728 2241 eo
745 2167 869 2243 habito
887 2171 924 2243 in
951 2171 1032 2245 loco
1053 2171 1118 2271 qui
1142 2168 1289 2245 Dunsdi·

225 2312 284 2361 ves
300 2302 471 2371 vocatur,
500 2284 612 2358 fratre
640 2285 676 2356 iu
702 2308 854 2384 regnum
880 2312 985 2360 suum
1009 2303 1216 2378 remeante,
1232 2287 1291 2361 ille

224 2402 450 2502 Egolisenam
462 2401 668 2502 Aquitaniae
682 2401 861 2475 civitatem
874 2400 1129 2502 proficiscitur,
1143 2418 1183 2478 et
1192 2404 1289 2493 inde,

225 2521 418 2595 contractis
434 2519 594 2618 undique
612 2519 744 2619 copiis,
759 2519 957 2619 fugientem
973 2518 1187 2594 Hunoldum
1201 2542 1290 2622 per-

225 2638 402 2737 sequitur,
420 2635 638 2736 paulumque
656 2638 709 2734 (2)
727 2633 844 2708 abfuit
859 2635 949 2736 quin
967 2651 1122 2735 caperet.
1142 2635 1216 2711 Sed
1231 2630 1290 2711 ille

224 2752 353 2825 notitia
383 2751 571 2841 locorum,
604 2751 642 2823 in
675 2751 807 2852 quihus
834 2753 927 2851 regis
957 2753 1155 2826 exercitum
1180 2752 1311 2829 letae

224 2882 386 2968 poterat,
405 2865 575 2940 liberatus
592 2883 664 2958 est,
682 2867 897 2968 dimissaque
919 2869 1111 2969 Aquitania
1134 2870 1291 2946 wasco-

226 2987 323 3057 niam
340 2983 462 3081 petiit,
488 2996 608 3054 tutum
634 3008 670 3055 se
696 2980 744 3054 ibi
769 2982 848 3057 fore
865 2983 1070 3057 arbitratus.
1096 2978 1187 3059 Brut
1203 3002 1292 3061 tnnc

224 3103 448 3174 Wasconum
464 3099 555 3187 dux,
576 3100 696 3197 Lupus
725 3100 891 3189 nominc,
912 3105 1012 3202 cujus
1038 3102 1121 3176 fidei
1151 3129 1189 3178 se
1211 3104 1291 3177 Hu-

226 3219 355 3293 noldus
372 3218 598 3291 committere
617 3243 690 3288 non
709 3216 899 3290 dubitavit.
921 3219 975 3291 Ad
993 3245 1102 3319 quem
1115 3248 1181 3295 rex
1197 3222 1289 3295 mis-

223 3365 259 3410 sa
275 3338 328 3436 (ὅ)
346 3334 544 3436 legatione,
558 3332 664 3433 jubet
680 3332 747 3406 sibi
763 3332 951 3435 perfugam
971 3330 1069 3410 reddi
1084 3390 1096 3423 ,
1115 3332 1228 3439 idque
1252 3364 1288 3413 oa

226 3454 436 3528 conditione
448 3467 507 3540 ut,
523 3453 590 3524 nisi
613 3451 711 3525 dicto
724 3450 894 3525 obediens
910 3451 1117 3552 fuisset(4),
1135 3454 1292 3529 sciretne

224 3571 322 3645 bello
339 3568 573 3641 Wasconiam
592 3569 851 3670 ingressurum,
870 3593 985 3669 raeque
1009 3567 1093 3642 inde
1111 3569 1218 3670 prius
1232 3567 1292 3644 di·

653 3737 737 3743 ——.
891 3737 938 3743 ..-
961 3736 1288 3746 ......-.--.-.---

262 3827 300 3894 (ι)
317 3822 352 3876 D.
365 3821 452 3892 Bouq.
466 3817 625 3872 Hunlioltus
636 3828 664 3871 et
677 3819 715 3871 sic
725 3817 865 3890 deinceps.

262 3915 300 3984 (α)
319 3912 353 3965 D.
367 3910 455 3981 Bouq.
466 3910 648 3978 prosequitur,
663 3907 872 3976 paululumque.

262 4001 301 4074 (3)
319 4003 354 4056 D.
370 4001 456 4071 Bouq.
473 4001 557 4050 uu'ssa
568 3999 643 4049 ocius
654 3996 801 4066 legatione.

260 4095 299 4162 (A)
319 4092 359 4145 lta
380 4087 464 4142 habet
483 4086 516 4139 l).
540 4085 626 4157 Bouq.
643 4084 767 4137 Pertzius
780 4093 887 4137 autern:
904 4105 931 4152 p.
947 4104 969 4136 r.
989 4102 1021 4137 eu
1035 4082 1194 4138 cotiditioue
1209 4104 1294 4139 nrau-

231 4182 298 4236 o'atu
313 4184 338 4232 u·
348 4178 420 4233 dicto
434 4174 551 4230 crudieris
566 4173 619 4227 sibi
632 4171 807 4243 ruoitsut'sset.
