3000 5272
211 431 251 487 :io
464 423 555 481 VITA
578 422 725 481 ttauotl
750 420 1022 481 IMPERATORIS.

210 555 402 627 amicitiam
420 568 456 625 et
472 557 641 651 junctum
659 579 742 623 cum
760 578 803 625 eo
825 551 946 623 foedus
964 552 1270 650 Constantinopo-

210 672 363 742 litanum
381 668 636 767 imperatorem
660 666 790 740 habere
808 669 971 766 permisit
977 694 988 755 ;
1007 666 1136 739 deinde
1153 692 1270 742 omues

210 785 377 859 barbaras
390 812 431 857 ac
447 786 539 858 feras
557 785 740 872 nationes,
760 812 842 884 quae
860 786 955 857 inter
973 785 1137 857 Hrenum
1153 810 1195 855 ac
1210 784 1270 857 vi-

210 902 325 976 sulam
337 903 388 1000 (i)
404 901 550 988 lluvios,
573 901 827 1000 Oceanumque
844 928 885 973 ac
903 898 1109 973 Danubium
1127 902 1268 999 positas,

209 1020 331 1119 lingua
348 1016 495 1118 quidem
511 1044 603 1116 pene
624 1017 775 1104 similes,
797 1017 961 1090 moribus
982 1043 1067 1091 vero
1089 1033 1199 1117 atque
1219 1017 1270 1089 ha·

209 1134 291 1208 bitu
303 1136 403 1208 valde
415 1135 602 1209 dissimiles
613 1136 685 1233 (a),
698 1133 929 1208 Germaniam
941 1135 1123 1222 incolunt,
1139 1136 1187 1205 ita
1203 1161 1270 1233 per·

210 1252 376 1338 domuit,
406 1265 445 1324 ut
471 1277 527 1325 eas
554 1250 760 1322 tributarias
784 1249 944 1323 efficeret
968 1250 1039 1348 (3).
1070 1252 1172 1323 lnter
1193 1276 1269 1349 quas

210 1367 286 1441 fere
317 1369 508 1466 praecipuae
541 1385 626 1440 sunt
657 1365 865 1455 Welatabi,
898 1365 1050 1455 sorabi,
1085 1366 1266 1453 Abodriti,

211 1486 408 1557 Boemanui
430 1485 638 1581 (d)-cum
655 1483 708 1555 his
726 1510 881 1583 namque
904 1481 1001 1556 bello
1027 1482 1265 1569 conflixit-3

212 1618 375 1688 caeteras,
395 1627 549 1700 quarum
565 1602 682 1675 multo
700 1604 817 1698 major
833 1616 886 1674 est
904 1626 1094 1688 numerus,
1114 1602 1154 1672 in
1177 1599 1267 1675 dedi-

213 1733 350 1790 tionem
372 1733 538 1814 suscepit.

262 1952 364 2025 xvi.
392 1954 505 2025 Auxit
517 1952 625 2025 etiam
641 1954 795 2054 gloriam
809 1956 910 2054 regni
925 1957 978 2027 sui
996 1953 1210 2055 quibusdam
1221 1982 1263 2027 re·

211 2068 316 2171 gibus
330 2096 370 2141 ac
387 2069 555 2168 gentihus
571 2097 636 2169 per
652 2072 847 2143 amicitiam
859 2070 927 2143 sibi
948 2072 1160 2145 conciliatis.
1180 2072 1263 2145 Adeo

211 2212 367 2285 namque
393 2186 638 2260 Hadefonsum
664 2188 737 2285 (5),
770 2187 926 2260 Gallitiae
954 2189 1010 2286 (6)
1039 2205 1148 2288 atque
1171 2190 1264 2262 Astu-

212 2303 278 2376 riae
291 2303 349 2400 (7)
369 2328 509 2401 regem,
528 2302 595 2375 sibi
614 2305 781 2377 societate
797 2304 978 2391 devinxit,
997 2320 1038 2376 ut
1056 2308 1084 2378 is
1102 2307 1181 2404 (8),
1196 2330 1263 2378 cun

212 2418 256 2491 ad
274 2445 357 2491 eum
372 2420 427 2491 vel
444 2419 580 2493 litteras
593 2420 649 2493 vel
668 2421 800 2520 legatos
818 2422 998 2509 mitteret,
1019 2447 1095 2494 uon
1119 2423 1219 2495 aliter
1236 2444 1263 2491 se

213 2537 307 2633 apud
331 2536 433 2608 illum
454 2563 563 2636 quam
588 2539 779 2637 proprium
802 2565 909 2610 suum
931 2539 1101 2639 appellari
1120 2539 1261 2639 juberet.

214 2650 407 2723 Scotorum
423 2677 569 2751 quoque
586 2679 684 2752 reges
706 2654 756 2724 sic
778 2652 904 2725 habuit
926 2653 970 2725 ad
991 2681 1090 2725 suam
1108 2655 1263 2728 volunta-

216 2782 289 2839 tem
308 2794 372 2865 per
388 2769 674 2841 munificentiam
692 2770 903 2858 inclinatos,
931 2787 972 2843 ut
989 2798 1073 2846 eum
1092 2792 1262 2872 nunquam

215 2885 319 2957 aliter
332 2886 400 2955 nisi
414 2885 619 2973 dominum,
631 2911 738 2986 seque
749 2886 911 2960 subditos
922 2905 958 2961 et
970 2914 1090 2963 servos
1099 2894 1186 2989 ejus,
1198 2908 1264 2989 pm

220 3092 439 3101 -....----

251 3217 290 3286 (ι)
308 3214 361 3269 All.
381 3215 416 3268 W
416 3215 530 3281 isulum,
551 3215 691 3283 Uesulum,
705 3216 845 3285 Iusalam,
860 3218 1004 3283 Insulam,¹
1017 3219 1077 3275 ood.
1089 3222 1193 3279 Christ.
1206 3218 1261 3285 Reg-

216 3306 286 3379 692:
307 3306 471 3372 Guisnram,
491 3304 653 3366 Guiserum;
667 3304 693 3359 N
695 3323 789 3360 uenar.
801 3324 893 3361 comcs
905 3332 910 3360 :
929 3309 960 3362 V
957 3310 1078 3365 istulum.

252 3396 290 3464 (a)
308 3394 378 3448 Cod.
393 3393 546 3448 Florentin.
561 3395 674 3447 similes.

252 3481 293 3553 (3)
311 3482 431 3537 Nuenar.
446 3500 554 3536 comes:
570 3482 703 3558 effecerit.

253 3574 292 3644 (l)
310 3572 364 3627 All.
381 3572 723 3639 ttaeletabi,lt1uelatati,
744 3573 781 3625 W
779 3574 873 3628 allabi.
880 3606 909 3614 -·
920 3574 1029 3642 Sorobi,
1046 3574 1195 3630 Somba-
1205 3568 1264 3625 (Μ’

219 3661 300 3724 driu,
317 3662 449 3715 Atotrui.
461 3691 491 3699 -
502 3660 652 3729 Boemani,
668 3661 721 3715 vid.
738 3679 798 3734 sup.

254 3748 293 3822 (5)
311 3750 385 3822 Sept.
408 3748 489 3803 codd.
513 3748 700 3821 Adcjbnsum.
718 3781 752 3791 -
770 3750 824 3805 All.
845 3749 1053 3824 Adaesonsum‚
1074 3749 1265 3825 Aedefommr

220 3838 404 3911 Aclffeusum,
419 3836 614 3911 Adeffcnsum,
625 3838 838 3913 Hnldcsonsum,
850 3837 1157 3912 Adelsonsum.-Cod.
1167 3840 1267 3897 Collffl·

218 3928 430 3985 Ilnsdestinum.

253 4020 291 4091 (6)
310 4020 363 4075 All.
378 4020 531 4077 Gallcciae.
551 4020 846 4085 Galcn'ne,Gnlat1'ce‚
865 4021 989 4074 Galatia.

253 4114 290 4184 (7)
311 4110 363 4164 ΑΙΙ,
379 4111 543 4173 Artmu'cnc,
557 4112 716 4173 Achemene,
732 4111 860 4164 Asinicc.

252 4204 290 4263 illl
311 4204 402 4261 Pom,
421 4219 484 4255 cuni
499 4200 664 4275 quibusdam
679 4201 749 4256 codd
774 4203 832 4257 lu's:
849 4201 881 4256 Ι).
897 4202 983 4274 llouq.
998 4212 1026 4256 et
1040 4200 1153 4274 plurimi
1168 4223 1174 4253 ε
1188 4201 1216 4251 is.
