3000 5272
213 410 275 476 362
603 406 886 469 HLUDOWICUS.

209 543 323 629 latos,
346 556 384 613 et
405 538 475 614 hoc
498 540 549 613 eis
571 539 621 613 ob
646 539 793 639 hoe(1)
820 540 1034 642 contigisse,
1059 542 1164 643 quod
1188 566 1225 616 tc
1247 543 1282 616 in

210 653 382 733 omnibus
400 655 555 731 fideliter
571 682 654 757 erga
670 673 790 756 partes
807 656 988 731 Hiotharii
1004 658 1151 758 juvenis
1172 658 1284 760 impe·

212 775 344 849 ratoris
363 790 510 874 agerent
521 803 532 863 ς
556 789 660 849 erant
680 790 717 847 et
739 775 802 875 qui
826 774 1012 865 dicerent,
1031 774 1091 849 v'el
1112 776 1220 875 jussu
1235 774 1285 851 tei

213 889 368 965 consilio
389 889 565 962 Pascbalis
588 890 773 989 pontificis
796 916 875 963 rem
896 888 1006 966 fuisse
1027 904 1284 991 perpetratam.

213 1007 270 1081 Ad
294 1006 394 1107 quod
422 1006 685 1106 explorandum
711 1033 751 1080 ac
776 1005 971 1107 diligenter
1000 1006 1286 1111 investigandum

213 1128 311 1198 missi
324 1141 410 1199 sunt
422 1124 629 1227 Adalungus
641 1126 714 1226 (2),
729 1123 839 1200 abbas
850 1125 1060 1201 monasterii
1077 1126 1208 1199 Sancti
1219 1122 1287 1201 Vc·

213 1242 320 1330 dasti,
333 1257 371 1315 et
381 1241 584 1315 Hunfridus
594 1243 666 1342 (3),
681 1267 801 1316 comes
810 1242 1006 1315 Guriensis.
1020 1240 1288 1343 Sedantequmt

215 1359 269 1432 illi
286 1359 438 1433 fuissent
454 1359 633 1460 profecti,
652 1375 833 1434 venerunt
849 1359 954 1460 legati
972 1358 1153 1433 Pascbalis
1170 1360 1289 1459 ponti-

217 1476 314 1564 ficis,
331 1478 488 1551 Joannes
502 1480 689 1577 episcopus
704 1475 1008 1578 sylvae-Candide
1026 1493 1065 1553 et
1077 1476 1289 1551 Benedictus

216 1591 489 1667 archidiaconus
510 1609 642 1667 sauctae
669 1592 760 1667 sedis
781 1592 1008 1691 apostolicae,
1034 1606 1212 1693 rogantes
1229 1592 1290 1665 im·

215 1724 422 1807 perstarem
435 1726 476 1782 ut
491 1709 590 1781 illam
608 1708 794 1783 infamiam
806 1736 825 1781 a
839 1708 1012 1808 pontifice
1027 1707 1215 1797 auferret,
1228 1732 1290 1809 qua

217 1825 280 1900 ille
310 1826 349 1898 in
373 1843 658 1900 memoratorum
691 1827 884 1901 hominum
915 1852 1041 1901 necem
1073 1826 1291 1901 consensisse

218 1939 445 2015 credebatur.
470 1941 610 2035 Quibus
633 1968 715 2015 cum
736 1943 796 2016 ille
814 1946 915 2043 juxta
934 1940 1035 2043 quod
1053 1943 1155 2017 ratio
1174 1956 1291 2042 postu·

219 2055 317 2129 labat
334 2058 596 2157 respondisset,
616 2084 748 2158 eosque
762 2056 973 2148 dimisisset,
992 2058 1194 2159 predictos
1211 2056 1293 2160 lega

220 2188 278 2246 tos
301 2199 384 2246 suos
406 2172 450 2245 ad
471 2172 755 2273 investigandam
776 2175 829 2246 rei
849 2175 1057 2262 veritatem,
1077 2174 1179 2247 sieut
1201 2172 1293 2274 prius

221 2290 421 2389 disposuit,
445 2292 600 2364 Romam
620 2290 672 2364 ire
693 2296 889 2391 praecepit,
916 2291 990 2391 ipse
1006 2315 1097 2365 vero
1114 2290 1293 2391 reliqn-

221 2409 354 2482 aestatis
371 2423 514 2508 tempus
528 2409 566 2481 in
581 2434 672 2509 pago
685 2409 957 2496 Wormaceusi,
969 2432 1011 2481 ac
1026 2407 1164 2482 deinde
1182 2408 1223 2481 in
1236 2404 1294 2479 Aa

221 2524 366 2598 duenna
384 2524 585 2624 transigens
600 2524 679 2623 (4),
705 2538 847 2623 peracta
864 2522 1065 2596 autumnali
1077 2522 1292 2607 venatione,

223 2640 268 2713 ad
296 2641 368 2713 kal.
400 2640 631 2730 novembris,
665 2643 758 2714 sicut
790 2640 1002 2715 condixerat
1029 2638 1294 2741 compendium

223 2759 337 2832 venit.
364 2760 486 2860 legati
513 2760 667 2834 Romam
689 2759 873 2831 venientes
894 2757 947 2832 rei
971 2772 1082 2859 gestae
1106 2752 1295 2831 certitudi-

225 2900 310 2948 nem
332 2878 469 2976 assequi
493 2901 570 2949 non
591 2890 812 2976 potuerunt,
829 2875 913 2977 quia
934 2872 1114 2947 Pascbalis
1134 2870 1295 2975 pontifex

226 3004 316 3065 etse
333 2990 379 3062 ab
397 2991 502 3090 hujus
519 2991 605 3064 facti
627 2992 886 3065 communione
903 3016 989 3063 cum
1004 3014 1142 3091 magno
1160 2990 1295 3091 episeo-

225 3132 359 3206 porum
377 3133 534 3181 numero
549 3107 786 3207 jurejurando
801 3107 1008 3207 purificavit
1025 3104 1107 3206 (5),
1128 3122 1169 3181 et
1191 3107 1295 3180 intra·

226 3222 381 3297 sectores
390 3225 651 3323 praedictorum
663 3224 854 3299 hominum
861 3279 873 3314 ,
885 3225 969 3325 quia
978 3224 1025 3298 de
1036 3222 1180 3299 familia
1192 3220 1292 3297 unct

227 3342 324 3416 Petri
353 3357 476 3432 erant,
505 3369 733 3442 summopere
761 3340 978 3430 defendens,
1009 3356 1184 3417 mortuos
1205 3338 1292 3415 velut

229 3461 421 3559 majestatis
442 3486 524 3534 reos
545 3460 820 3548 condemnavit,
841 3461 923 3558 jure
939 3482 1051 3533 caesos
1076 3454 1291 3557 pronuntia·

264 3756 304 3825 (r)
322 3752 393 3809 Cod.
407 3752 569 3811 vindobon.
585 3773 650 3808 tto:
665 3757 705 3808 eis
720 3753 771 3808 hcc
783 3760 898 3824 propter
908 3748 969 3806 boe.
983 3750 1019 3806 D.
1030 3750 1123 3827 bouq.
1133 3768 1200 3807 eutr
1210 3748 1284 3807 Nu

230 3842 324 3898 comit.
340 3843 391 3898 isac
402 3841 464 3896 ideo
479 3846 527 3896 eis.

266 3936 307 4002 (α)
325 3932 380 3987 All.
392 3931 576 4005 Meleagro,
592 3931 769 4003 Atlab'ngus,
784 3927 986 4001 Adatgundus.

267 4020 306 4092 (5)
324 4021 368 4077 ΑΙ.
383 4022 566 4095 [lantfridus.

268 4114 308 4175 (t)
327 4109 416 4165 Codd.
433 4112 541 4166 Treuir.
552 4121 581 4166 et
594 4110 775 4168 Vindobona.
791 4126 839 4162 tto
852 4117 880 4162 et
893 4125 946 4181 990
959 4130 964 4159 ε
979 4110 1132 4162 transiens.

269 4199 307 4269 (5)
328 4202 359 4255 i).
376 4202 462 4275 lionq.
480 4222 542 4257 cum
556 4203 679 4258 Nucnar.
695 4202 789 4256 comit.
803 4202 943 4271 purgavit.
