3000 5272
230 416 288 472 llo
480 408 575 467 VITA
596 404 742 466 Kanum
764 404 1035 469 terrenarum.

227 574 245 613 a
264 544 327 644 pio
350 543 408 641 (ι)
437 540 652 614 Ravennatis
682 540 838 613 ecclcsiae
865 539 1074 615 conferatur
1099 544 1169 641 (a).
1203 544 1283 618 'ler-

228 690 246 731 κ
266 661 367 748 tiam,
379 683 461 758 quae
473 657 612 730 caeteris
621 671 655 730 et
665 657 781 754 operis
792 655 1063 756 pulchritudine
1074 659 1283 759 etponderis

227 776 437 878 «gravitate
463 774 622 848 multum
644 774 803 863 excellit,
823 800 905 877 quae
931 801 974 849 ex
998 773 1117 850 tribus
1137 776 1282 852 orbibus

227 924 246 962 u
266 917 429 966 connexa
447 891 502 989 (5)
512 943 523 979 ,
544 891 654 963 totius
670 891 796 963 mundi
812 890 1089 991 descriptionem
1108 891 1283 967 subtiliat

226 1010 402 1082 «minuta
424 1007 638 1109 figuratione
660 1008 929 1107 complectitur,
945 1024 982 1084 et
997 1034 1144 1084 auream
1169 1010 1280 1101 illam,

225 1157 244 1197 κ
264 1152 347 1227 quae
374 1141 500 1226 quarta
520 1152 592 1200 esse
612 1125 705 1198 dicta
729 1140 801 1212 est,
835 1127 931 1199 inter
950 1125 1008 1224 (4)
1031 1124 1183 1203 herodes
1208 1154 1281 1203 suot

225 1273 244 1313 u
263 1258 371 1343 atque
398 1243 437 1315 in
463 1242 713 1317 eleemosinam
737 1242 938 1317 dividendae
968 1244 1081 1343 partis
1112 1270 1282 1346 augurm-

224 1390 243 1429 «
263 1374 342 1432 tum
363 1359 418 1458 (5)
443 1384 518 1432 csse
542 1360 741 1433 constituit.
773 1361 873 1432 Hanc
898 1361 955 1459 (6)
987 1362 1281 1439 constitutionem

224 1507 244 1546 a
262 1492 370 1578 atque
395 1475 663 1551 ordinationem
692 1501 813 1550 coram
845 1477 1018 1577 episcopis
1029 1531 1041 1567 ‚
1073 1477 1278 1569 abhatibus,

224 1590 546 1693 «comitibusque,
568 1594 630 1694 qui
655 1608 743 1666 tunc
760 1609 954 1692 praesentes
972 1620 1046 1670 esse
1065 1612 1277 1697 potnerunt,

220 1742 241 1784 c
259 1737 491 1814 quorumque
515 1710 574 1783 hic
598 1711 744 1784 nomina
761 1711 936 1810 descripta
950 1726 1053 1800 sunt,
1074 1712 1166 1789 fecit
1180 1728 1280 1816 atque

222 1830 463 1904 «constituit.
491 1828 657 1928 Episcopi
681 1829 739 1928 (7)
765 1856 774 1898 ε
801 1826 1031 1903 Hildebaldus
1053 1831 1129 1930 (8),
1158 1830 1278 1906 lticot-

220 1974 239 2014 ιι
257 1944 315 2018 fus
335 1945 409 2044 (9),
429 1952 528 2018 Arno
546 1944 641 2042 (ιο),
668 1943 869 2018 Wollarius
886 1945 988 2043 (ιι),
1006 1947 1169 2021 Bernoin
1185 1948 1274 2047 (ra),

251 2336 291 2408 (ι)
308 2330 351 2390 Ita
369 2332 455 2388 habet
470 2332 551 2387 Perti
564 2348 629 2386 cum
644 2330 756 2405 plerisq.
775 2330 857 2387 codd.
874 2330 997 2387 Duodec.
1011 2330 1094 2387 codd.
1112 2330 1214 2408 legunt
1225 2336 1272 2407 cpi·

217 2446 299 2499 scopo
306 2452 315 2490 ,-
326 2426 366 2481 cic
376 2434 406 2481 et
417 2423 452 2478 D.
465 2423 554 2496 Bonq.
567 2421 617 2478 ced
626 2438 782 2496 perperam.

250 2518 289 2588 (a)
308 2512 378 2571 Cod.
394 2511 555 2569 Vindobon.
568 2509 620 2586 667
633 2534 639 2564 :
656 2509 786 2574 darem,-
800 2508 901 2583 reliqui
915 2527 1030 2565 omnes:
1046 2507 1221 2582 censemur.

249 2602 289 2677 (5)
307 2601 377 2660 cod.
391 2601 461 2675 ch.
476 2601 563 2655 Paris.
577 2597 647 2674 5925
659 2609 689 2655 et
701 2609 821 2675 quatuor
832 2596 879 2652 alii
895 2621 901 2650 e
915 2617 1052 2654 connexa.

249 2694 289 2764 (4)
306 2691 418 2766 Septem
428 2689 488 2745 dec.
501 2688 581 2745 codd.
594 2690 624 2744 iu
635 2690 732 2745 tertiae
745 2689 821 2744 iliius
832 2696 861 2743 ct
872 2690 953 2744 inter.
966 2687 1057 2745 codd.
1067 2686 1231 2747 vindobon.
1243 2686 1270 2743 ιδ

215 2793 244 2839 ct
256 2782 327 2858 Reg.
341 2781 430 2837 Paris.
446 2780 514 2857 4877
531 2803 537 2834 :
552 2781 710 2853 inter-filios
723 2789 751 2834 et
761 2783 842 2834 inter.
858 2809 891 2819 -
905 2776 976 2835 eod.
990 2777 1062 2854 Reg.
1078 2778 1170 2837 Paris.
1185 2777 1268 2857 im:

214 2874 244 2926 iu
259 2871 339 2926 iteca
351 2870 427 2924 illius
441 2876 468 2922 ct
481 2870 562 2921 inter.

250 2957 289 3031 (5)
306 2958 378 3013 Nor.
391 2954 473 3010 codd.
487 2963 647 3027 augmento.

248 3047 289 3121 (6)
304 3046 359 3104 Hic
370 3043 491 3101 editores
503 3054 586 3118 caput
597 3040 633 3111 34
647 3042 797 3112 inchoant,
811 3042 859 3099 sed
872 3060 1018 3119 perperam
1032 3058 1124 3120 quum
1132 3042 1269 3121 sequti·

212 3152 269 3193 non
282 3136 376 3192 minus
388 3153 420 3190 ac
432 3134 571 3189 anteriora
581 3131 711 3188 breviarii
722 3131 813 3187 adhuc
824 3133 908 3188 verba
920 3133 976 3189 sint
988 3133 1104 3206 (Perta).

247 3228 288 3303 (7)
304 3226 442 3300 Episcopi
460 3223 538 3279 deest
559 3223 590 3278 in
611 3220 693 3277 codd.
716 3220 852 3277 Christin.
874 3220 977 3297 Regin.
998 3218 1052 3298 637
1072 3232 1104 3279 ct
1122 3218 1178 3299 69¹2
1197 3221 1268 3279 etin

211 3313 275 3370 cod.
288 3313 359 3388 ch.
374 3312 521 3368 Parisiensi
533 3308 620 3378 essu
633 3311 672 3365 ita
685 3319 713 3364 et
724 3309 796 3364 inira
804 3324 884 3365 voces
893 3306 1022 3365 Achates
1030 3318 1061 3365 et
1073 3308 1206 3367 Concita

244 3400 286 3474 (Β)
303 3401 357 3458 All.
371 3400 566 3469 Hildidaidus,
585 3397 792 3467 Hiddibaldus,
808 3396 1007 3467 Hildeboidus,
1027 3392 1227 3455 Addebam.
1238 3420 1269 3439 ···

211 3490 280 3549 eod.
293 3490 454 3548 Vindobou.
471 3507 537 3545 rro:
552 3487 741 3546 nuditatum
750 3490 917 3563 agrippinus
928 3487 1165 3563 archiepiscopus.

244 3582 286 3655 (9)
301 3578 357 3636 All.
371 3579 507 3652 dicemus,
523 3577 682 3651 dicitolsus,
696 3576 838 3652 Riculfm,
855 3576 1020 3649 lliculpltus.
1032 3574 1151 3635 -Cod-
1162 3570 1267 3637 Vbii*

209 3669 276 3725 bon.
293 3687 343 3724 ιιο
358 3691 364 3723 :
381 3667 533 3740 Ricoiplsus
544 3670 723 3741 mogontinus
732 3665 965 3739 arciepiscopus.

243 3761 301 3831 (ιο)
318 3757 449 3833 Plerique
461 3756 540 3813 codd.
554 3758 640 3820 Am.,·
652 3757 700 3812 alii
712 3757 822 3824 Arnus,
837 3754 988 3830 Amulsus.
997 3752 1136 3811 -Codd,
1148 3750 1264 3809 M

209 3859 238 3904 et
252 3847 416 3907 vindobon.
434 3865 498 3913 ιιο,
513 3847 728 3921 Amwoisarius
741 3845 920 3901 contrahunt.

241 3937 298 4009 (ιι)
315 3935 370 3992 All.
388 3934 572 4006 WoIplsarius,
591 3935 763 4008 Wolgsarins,
784 3933 938 4007 Wilsasius,
954 3930 1143 4004 Wuolsarius,
1161 3926 1265 3995 Μο-

209 4026 276 4091 rius,
290 4024 320 4079 V
317 4022 446 4097 alferius.

243 4114 300 4183 (ra)
318 4111 372 4169 All.
389 4111 509 4175 Benoin,
530 4111 667 4178 Bernoin,
684 4111 853 4178 Bernartius,
869 4112 1044 4178 Bemuiuus,
1064 4107 1263 4167 Remum·

210 4201 375 4256 Beruoinus.
