3000 5272
211 456 249 515 ll
466 461 560 519 VITA
583 461 729 522 KAll0ll
754 464 1029 527 IMPERATORIS.

210 616 286 690 quo
295 644 307 678 ,
340 616 423 662 cum
442 590 583 664 duobus
600 608 744 666 tantum
767 598 829 695 qui
853 623 938 670 eum
953 597 1227 700 obequitantem
1244 629 1284 674 ac

211 708 371 807 singulos
409 708 615 783 hortantem
655 712 936 808 comitabantur,
977 717 1189 792 interfectus
1217 739 1281 792 est.

104 893 108 900 .
212 825 393 898 Caeterum
414 827 647 900 incruentum
668 857 761 928 pene
777 832 923 904 Francis
948 832 1017 906 hoc
1034 833 1172 909 bellum
1196 835 1283 924 luit,

212 959 249 1015 et
266 944 553 1042 prosperrimum
578 948 716 1019 exitum
733 946 881 1037 hahuit,
901 952 1041 1025 tametsi
1061 951 1197 1025 diutius
1213 980 1285 1025 ma-

212 1060 401 1160 gnitudine
418 1062 470 1133 sui
490 1063 545 1161 (1)
564 1063 780 1137 traheretur.

263 1900 365 1975 XIV.
394 1901 479 1973 Post
497 1900 595 2001 quod
618 1916 654 1973 et
674 1901 891 1973 Saxonicum
919 1928 990 1973 suae
1013 1902 1214 2001 prolixitati
1234 1907 1282 2000 (r)

214 2017 490 2090 convenientem
505 2016 616 2091 finem
633 2019 769 2115 accepit
781 2017 847 2116 (3).
866 2019 1124 2091 Boemanicum
1140 2046 1283 2120 quoquc

214 2150 252 2208 et
264 2134 481 2206 Linonicum
495 2135 562 2234 (4),
580 2161 663 2234 quae
678 2149 798 2234 postea
818 2150 942 2207 exorta
955 2151 1058 2224 sunt,
1074 2135 1138 2207 diu
1156 2135 1283 2210 durare

214 2276 291 2324 non
316 2266 534 2352 potuerunt3
555 2276 713 2353 quorum
734 2266 932 2351 utrumque
951 2252 1064 2325 ductu
1082 2253 1208 2328 Karoli
1222 2258 1282 2354 ju·

214 2367 330 2442 nioris
349 2368 454 2441 celeri
474 2368 545 2441 fine
565 2369 787 2468 completum
804 2384 870 2440 est.
891 2368 1072 2441 Ultimum
1087 2370 1140 2466 (5)
1158 2387 1281 2442 contra

214 2483 489 2576 Nortmannos,
525 2487 588 2587 qui
624 2486 714 2558 Dani
752 2500 951 2575 vocantur,
986 2487 1108 2585 primo
1144 2488 1282 2587 pyrati-

215 2627 292 2673 cam
317 2602 370 2701 (6)
398 2618 622 2691 exercentes,
647 2602 776 2676 deinde
799 2607 934 2702 majore
948 2604 1001 2703 (7)
1027 2603 1134 2677 classe
1161 2604 1280 2678 littora

214 2717 342 2792 Galliae
359 2735 466 2820 atque
483 2720 688 2794 Germaniae
706 2735 902 2808 vastantes,
927 2717 1065 2792 bellum
1080 2735 1280 2820 susceptum

215 2852 281 2910 est.
298 2837 464 2930 Quorum
475 2865 538 2911 rex
552 2837 768 2911 Godefridus
783 2839 838 2936 (ὅ)
856 2837 943 2910 adeo
959 2862 1048 2909 vana
1065 2864 1127 2936 spe
1140 2838 1280 2910 inllatus

214 2973 309 3045 erat,
333 2972 375 3028 ut
402 2955 470 3027 sibi
496 2956 606 3030 totius
632 2954 836 3028 Germaniae
865 2955 1097 3053 promitteret
1125 2970 1281 3054 potesta-

248 3320 287 3388 (ι)
307 3318 427 3372 Nuenar.
445 3296 536 3371 coines
550 3325 578 3370 et
592 3312 750 3387 Marquard.
763 3313 785 3366 F
786 3313 878 3367 reher.
893 3313 1086 3386 magnitudine
1097 3334 1160 3370 sua.

247 3408 285 3478 (a)
303 3405 394 3463 Codd.
407 3405 544 3462 Christin.
560 3405 648 3478 regin.
664 3403 716 3476 692
730 3414 759 3457 et
773 3402 952 3457 Florentinus
967 3426 972 3455 :
988 3423 1040 3457 suo
1051 3404 1222 3475 prolixitate.

247 3496 286 3570 (3)
304 3500 369 3556 llaec
380 3498 478 3565 verba,
497 3497 611 3551 Post...
627 3497 733 3567 accepit
752 3495 781 3548 in
802 3492 961 3566 precedenti
980 3513 1041 3567 cap.
1061 3494 1147 3550 hahet
1160 3494 1196 3549 Ι).
1210 3494 1277 3548 Bou-

212 3599 295 3665 quet;
310 3589 355 3644 hic
370 3588 542 3643 Pertziauam
555 3585 719 3639 divisionem
733 3584 909 3638 retinuimus.

247 3683 286 3754 (4)
304 3680 359 3737 All.
377 3682 534 3734 Lilouicum
543 3721 550 3748 ,
572 3678 758 3743 himeraeum,
778 3676 959 3742 Liuouicum,
979 3675 1155 3745 licouicm,
1173 3674 1277 3730 Bitiae

214 3777 320 3842 uicum,
336 3773 519 3828 Linomicum.

247 3865 286 3939 (5)
305 3865 425 3921 Nucnar.
441 3879 534 3917 comes
550 3885 555 3913 :
577 3861 710 3916 Ultimum
723 3875 840 3931 quoquc.

248 3954 288 4028 (6)
306 3954 358 4011 Sex
371 3950 452 4008 codd.
465 3952 622 4020 piraticum.

247 4048 287 4122 (7)
305 4045 433 4118 Plerique
446 4039 526 4097 codd.
542 4040 651 4112 umjori.

248 4139 287 4212 (8)
305 4139 356 4194 sex
376 4132 456 4191 codd.
481 4129 668 4203 Godofridus5
688 4125 731 4180 all.
755 4119 934 4194 Godisrt'dus,
958 4122 1135 4196 Gotcfridur,
1158 4121 1281 4194 Gotifij.

214 4229 283 4298 dus,
306 4223 484 4301 Gotqfredus.
