3000 5272
386 396 447 459 242
823 397 1012 459 KAROLUS.

387 556 471 602 cum
485 529 613 601 Wilzis
624 545 660 601 ct
670 525 855 600 Abodritis
866 528 1102 629 disponenda,
1115 544 1152 603 et
1163 529 1343 630 quosdam
1353 530 1447 603 Saxo

387 672 450 720 nes
469 645 513 719 dc
531 643 739 719 Nordliudis
758 645 813 744 (1)
833 645 1070 744 recipiendos.
1088 645 1197 746 Cujus
1214 646 1447 720 reversionem

387 787 471 835 cum
487 776 668 861 expectat,
687 762 788 834 venit
803 761 992 861 pontifex,
1016 778 1053 836 et
1067 760 1170 837 valde
1191 760 1396 839 honorilice
1410 761 1449 834 ab

389 879 453 953 illo
475 893 659 978 susceptus
680 892 754 967 est,
777 879 980 981 mansitque
996 878 1091 977 apud
1107 904 1190 953 eum
1207 878 1286 956 dies
1305 880 1446 982 aliquot.

387 1000 436 1071 Et
453 997 586 1071 cumei
604 1013 753 1088 cuncta,
775 1013 924 1097 propter
943 1024 1026 1099 quae
1044 1013 1214 1090 venerat,
1239 1000 1450 1090 intimasset,

389 1115 523 1186 iterum
540 1114 692 1187 Romam
712 1140 796 1186 cum
814 1139 947 1214 magno
966 1112 1106 1188 honore
1123 1139 1189 1213 per
1210 1114 1351 1215 legatos
1370 1115 1452 1216 tegis·

388 1231 453 1331 qui
466 1254 550 1305 cum
562 1255 606 1303 eo
617 1231 715 1304 missi
729 1245 834 1319 sunt,
850 1228 1032 1319 reductus,
1046 1245 1154 1330 atque
1168 1230 1348 1305 inlocum
1359 1256 1452 1303 snnm

388 1349 576 1422 restitutus
599 1361 665 1421 cst.
687 1346 771 1440 Quo
792 1347 960 1433 dimisso,
987 1373 1051 1420 rex
1074 1373 1207 1447 paucos
1229 1346 1308 1423 dies
1333 1346 1454 1421 ibidem

388 1480 571 1554 moratus,
597 1465 755 1565 legatum
783 1464 965 1538 Michaelis
988 1466 1129 1564 patricii
1160 1468 1205 1540 de
1227 1464 1371 1556 Sicilia,
1399 1490 1455 1539 no-

389 1582 488 1654 mine
502 1578 726 1667 Danihelem,
744 1578 788 1650 nd
800 1605 837 1652 se
850 1581 997 1653 missum
1010 1578 1177 1655 absolvit.
1193 1580 1350 1683 Accepit
1359 1582 1455 1655 etiam

390 1701 530 1772 tristem
540 1700 713 1771 nuntium
723 1697 767 1771 de
780 1696 929 1771 Geroldi
945 1715 981 1771 et
991 1700 1103 1773 AErici
1119 1701 1273 1774 interitu
1281 1730 1294 1792 ς
1307 1726 1456 1803 quorum

389 1814 493 1901 alter,
519 1812 697 1887 Geroldus
724 1810 891 1886 videlieet
915 1811 1087 1912 Bajoariae
1113 1814 1333 1913 praefectus,
1364 1840 1457 1891 oom-

390 1931 500 2003 misso
522 1955 606 2002 cum
629 1928 747 2000 Hunis
769 1927 899 2028 praelio
923 1928 1072 2017 cecidit,
1097 1929 1189 2004 alter
1212 1956 1330 2022 vero,
1356 1930 1457 2004 idest

390 2049 547 2138 AEricus‚
565 2061 649 2146 post
663 2045 779 2117 multa
796 2045 920 2144 praelia
937 2063 974 2119 et
988 2047 1144 2146 insignes
1160 2048 1356 2137 victorias,
1375 2047 1458 2149 apud

392 2161 636 2234 Tharsaticam
646 2214 657 2248 ,
677 2158 864 2232 Liburniae
881 2161 1085 2250 civitatem,
1107 2160 1245 2234 insidiis
1261 2162 1458 2265 oppidano-

393 2304 477 2351 rum
496 2278 716 2375 interceptus
738 2292 846 2377 atque
869 2275 1080 2350 interfectus
1106 2294 1171 2351 est.
1198 2276 1326 2353 Rebus
1351 2280 1458 2380 itaque

392 2396 577 2467 Saxonum
597 2418 667 2492 pro
688 2419 811 2466 rernm
832 2394 1106 2492 opportunitate
1124 2393 1332 2494 dispositis,
1350 2423 1413 2471 rex
1427 2396 1457 2466 in

391 2510 581 2583 Franciam
606 2507 814 2582 revertitur.
843 2509 891 2580 Et
917 2535 1000 2581 cum
1025 2509 1242 2610 Aquisgrani
1271 2510 1456 2595 hiemaret,

392 2627 508 2699 Wido
526 2651 646 2700 comes
659 2650 700 2696 ac
712 2623 905 2723 praefectus
922 2626 1113 2699 Brittanici
1131 2627 1283 2718 limitis,
1301 2630 1389 2731 qui,
1405 2652 1458 2702 oo-

393 2742 474 2815 dem
486 2766 598 2829 anno,
614 2767 698 2813 cum
712 2742 816 2814 sociis
830 2741 1025 2815 comitibus
1038 2758 1154 2818 totam
1162 2748 1379 2821 Brittonum
1387 2768 1458 2847 pro

394 2859 550 2929 vinciam
559 2857 851 2953 perlustraverat,
862 2884 960 2931 arma
971 2861 1105 2933 ducum
1114 2864 1225 2963 quise
1236 2862 1456 2949 dediderunt,

397 2974 578 3072 inscriptis
601 2974 830 3073 singulorum
852 2974 1082 3066 nominibus,
1105 2976 1250 3053 detulit.
1271 2980 1458 3056 Videbntm

397 3089 496 3162 enim
512 3089 612 3189 quod
628 3115 667 3161 ea
680 3091 868 3188 provincis
892 3107 970 3163 tum
986 3108 1078 3165 esset
1089 3119 1133 3167 ex
1149 3107 1231 3169 toto
1245 3094 1415 3185 subacta,
1431 3108 1458 3168 et

398 3223 510 3298 esset,
530 3208 599 3279 nisi
616 3204 764 3305 perlidae
777 3208 894 3306 gentis
912 3208 1125 3282 instabilitas
1141 3212 1217 3285 cito
1234 3210 1272 3285 id
1287 3214 1347 3313 (a)
1361 3212 1458 3287 nlior·

399 3348 479 3394 sum
501 3348 604 3396 more
625 3322 733 3396 solito
757 3340 1024 3399 commutasset.
1049 3324 1164 3399 Allata
1184 3340 1332 3403 suntet
1353 3328 1457 3431 signa,

398 3464 481 3538 quae
506 3440 632 3512 occisis
661 3440 698 3510 in
725 3440 896 3537 Majorica
928 3443 1061 3515 Mauris
1089 3442 1328 3543 praedonibus
1353 3458 1459 3547 ereph

401 3556 563 3629 fuerunt.
581 3558 629 3627 Et
645 3555 741 3627 Azan
758 3558 992 3645 sarracenus,
1011 3558 1203 3657 prefectus
1218 3558 1346 3653 mee,
1360 3560 1461 3635 class

402 3672 502 3745 urbis
527 3698 611 3744 cum
629 3673 705 3744 aliis
725 3673 831 3747 donis
854 3677 928 3775 regi
947 3677 1064 3766 misit,
1088 3677 1311 3777 promittens
1335 3702 1414 3755 enm
1433 3700 1461 3748 se

402 3792 610 3867 dediturum
631 3793 710 3889 (ὃ),
735 3795 761 3863 si
782 3795 1035 3893 opportunitas
1056 3796 1230 3875 eveniret.
1250 3796 1323 3871 Sed
1342 3812 1381 3873 et
1397 3818 1461 3869 mo

525 3946 568 3953 ...-
576 3945 654 3952 ..,.-
662 3944 814 3953 .---...-—.
822 3947 917 3954 --

441 4013 478 4079 (r)
499 4008 587 4060 [luen.
600 4024 670 4059 conr.
684 4006 860 4060 rl'nrrlluidis.
879 4008 990 4061 Freher.
1006 4007 1171 4063 Nordluuis.

439 4098 478 4167 (a)
499 4096 635 4149 Frcbcun
651 4119 655 4145 τ
672 4096 725 4146 ‹n'to
737 4098 859 4148 (trintum

440 4185 476 4255 (i)
500 4186 586 4239 l‘urn.
603 4204 694 4239 contos
707 4194 733 4238 ct
748 4184 778 4235 l).
796 4186 881 4259 llonq.
899 4185 1076 4239 traditurum.
