3000 5272
213 398 272 457 ²88
652 396 840 459 Kanotos.

212 528 393 626 argentia
419 526 643 599 Frisiouibus
670 533 745 627 jam
769 556 844 603 esse
870 530 1166 632 solutas,1egem
1192 558 1264 606 vero

210 641 453 718 Godolridum
471 642 569 716 domi
587 671 671 719 esse.
699 648 748 718 Et
766 674 888 721 revera
907 649 953 720 ita
973 663 1064 723 erat.
1087 648 1162 743 Qui
1185 676 1267 724 nun·

211 762 282 833 tius
298 760 387 833 adeo
405 762 658 860 imperatorem
675 764 889 853 concitavit,
909 780 951 836 ut
967 766 1084 839 missis
1103 767 1141 840 in
1156 792 1268 841 omno

211 879 490 978 circumquaque
508 879 672 978 regiones
695 879 739 952 ad
764 883 1057 982 congregandum
1080 885 1270 959 eaerum

211 996 369 1086 nuntiis,
392 995 465 1095 ipse
482 996 558 1069 sine
575 1022 678 1070 mora
694 997 827 1096 palatio
839 999 979 1087 exiens,
995 1000 1120 1098 primo
1136 999 1270 1102 quiden

212 1113 311 1186 classi
328 1137 536 1199 occurrere,
554 1111 684 1186 deinde
699 1114 908 1188 transmisso
920 1116 1045 1188 Hreno
1057 1115 1231 1206 flumine,
1242 1118 1270 1189 in

212 1230 312 1316 loco,
330 1230 392 1330 qui
411 1228 607 1328 lippeham
625 1229 684 1327 (1)
699 1245 863 1322 vocatur,
880 1231 998 1330 copias
1015 1256 1101 1331 quae
1119 1230 1271 1305 nondam

213 1363 457 1421 convenerant
478 1347 604 1419 statuit
627 1346 811 1446 opperiri;
840 1346 901 1420 ubi
926 1346 1013 1419 dum
1041 1347 1192 1449 aliquot
1212 1346 1271 1423 dia

211 1480 429 1550 moraretur,
447 1463 616 1563 elephans
634 1463 714 1555 ille,
730 1465 885 1564 quernei
900 1465 1021 1538 Aaron
1039 1492 1106 1539 rex
1122 1471 1272 1539 Samus·

212 1607 347 1655 norum
361 1581 524 1667 miserat,
541 1578 658 1653 subita
674 1596 793 1655 morte
810 1581 931 1679 periit.
947 1581 1188 1682 Corrgregatis
1201 1600 1272 1655 tan·

211 1697 294 1770 dem
306 1697 432 1796 copiis,
445 1713 577 1797 quauta
590 1696 711 1796 potuit
723 1695 904 1770 celeritate
916 1695 960 1769 ad
973 1697 1119 1771 lllaram
1133 1696 1272 1771 lluvlnm

213 1816 422 1905 contendit,
434 1815 628 1914 castrisque
638 1819 739 1913 juxta
752 1814 997 1888 corilluentem
1008 1819 1101 1915 ejus,
1117 1842 1196 1918 quo
1203 1816 1273 1889 Wi-

212 1957 307 2004 surae
320 1930 463 2003 flumini
475 1932 722 2031 conjungitur,
735 1932 879 2030 positis,
896 1932 1080 2005 minarum
1091 1930 1271 2008 Godnffiffl

210 2049 304 2150 regis
327 2049 558 2149 prestolatur
581 2064 764 2124 eventum.
788 2054 879 2123 Nam
904 2076 966 2123 rex
992 2050 1075 2139 ille,
1096 2050 1272 2125 raninim

213 2193 275 2266 spe
288 2166 450 2239 victoriae
463 2164 607 2238 inllatus
615 2221 625 2255 ,
640 2167 714 2240 acie
728 2193 766 2239 se
780 2192 864 2239 oum
876 2168 1098 2266 imperatore
1113 2164 1271 2271 congredi

213 2283 305 2357 velle
321 2281 492 2382 jactabat.
512 2281 582 2354 Sed
600 2281 687 2354 dum
706 2284 956 2382 imperatorin
979 2302 1190 2359 memorato
1204 2284 1273 2357 loeo

212 2401 339 2474 stativa
357 2397 524 2488 haberet,
540 2399 761 2474 diversarum
779 2424 902 2474 rerum
917 2401 1037 2473 nuntii
1056 2402 1102 2473 ad
1119 2426 1204 2476 eum
1218 2400 1273 2475 de·

212 2519 397 2593 seruntur.
421 2517 513 2591 Nam
535 2532 572 2590 et
597 2520 743 2592 classem
762 2542 844 2617 quae
865 2516 1016 2589 Frisium
1035 2516 1199 2591 vastabat
1217 2514 1274 2593 (lo-

213 2662 315 2709 mum
330 2660 547 2736 regressam,
566 2651 603 2708 et
618 2633 861 2708 Godolridum
876 2660 996 2735 regem
1009 2660 1029 2707 u
1043 2632 1207 2737 quodam
1217 2658 1273 2709 snt

212 2753 366 2826 satellite
376 2751 608 2825 interfectum
615 2806 626 2840 ,
639 2752 824 2825 castellum
835 2748 1013 2857 uocabulo
1023 2750 1273 2850 Hotbuokip)

211 2869 328 2943 Albiae
346 2870 486 2941 llumini
504 2869 728 2969 appositum,
748 2870 784 2940 in
797 2894 873 2969 quo
886 2868 967 2943 odo
980 2867 1119 2967 legatus
1134 2870 1273 2971 impen-

213 2987 303 3061 toris
317 3001 354 3058 et
367 2985 598 3059 orientalium
613 2986 798 3060 Saxonum
810 3002 886 3060 erat
898 2985 1129 3088 presidium,
1142 2984 1273 3062 swils

213 3104 262 3176 ais
285 3119 452 3201 captum3
475 3117 511 3175 et
532 3102 726 3200 Pippinum
750 3102 866 3175 filium
885 3107 977 3203 ejus,
1003 3128 1128 3203 regem
1151 3104 1272 3183 Μὴ.

213 3245 279 3294 rur
298 3220 376 3292 idus
389 3218 459 3317 jul.
478 3218 522 3292 de
539 3243 693 3317 corpore
710 3219 898 3319 migrasse3
912 3218 1071 3320 duasque
1086 3219 1272 3321 legationes

211 3334 257 3408 de
271 3335 420 3408 dirersis
437 3350 616 3408 terrarum
631 3333 813 3434 partibus,
832 3362 942 3408 unam
957 3336 1002 3409 de
1018 3335 1272 3411 Constmtino·

211 3450 311 3551 poli,
337 3449 485 3522 alteram
507 3449 558 3523 de'
571 3447 760 3539 Corduba,
782 3451 876 3550 pacis
896 3449 1070 3525 faciendae
1092 3476 1197 3524 causa
1215 3449 1271 3523 atl-

211 3581 359 3640 ventare
377 3581 560 3638 narratur.
577 3563 716 3658 Quibus
736 3566 796 3640 ille
815 3568 987 3666 acceptis,
1002 3566 1190 3667 dispositu,
1211 3589 1269 3667 pro

212 3682 384 3783 temporis
414 3681 642 3768 conditione,
679 3682 856 3767 Saxonia,
891 3682 1041 3755 domum
1068 3682 1265 3757 revestitam

212 3800 326 3872 Tanta
351 3798 421 3870 fuit
451 3800 486 3871 in
513 3825 551 3872 ea
582 3797 810 3896 expeditione
841 3797 953 3871 boum
978 3799 1205 3898 pestilentia,
1232 3812 1265 3869 ut

245 4096 283 4163 (a)
302 4091 356 4148 All.
367 4089 508 4162 Lippelta,
523 4089 671 4160 lippeam,
686 4088 877 4159 Lippenltrt'm.

246 4185 285 4247 (al
305 4180 348 4234 lll.
365 4177 536 4234 llolsbuoclu'.
546 4176 653 4233 Chron.
668 4175 757 4231 Sason
773 4200 778 4230 :
794 4175 951 4231 Herobbola‘.
