3000 5272
213 405 272 469 142
650 401 839 466 PIPPlllUS.

211 538 266 612 De
278 561 348 639 qua
364 535 593 635 expeditione
609 535 747 610 Tassilo
767 535 938 634 Bajoeriae
952 535 1044 625 dux,
1065 535 1279 638 aeffiitndine

211 681 278 756 per
304 653 431 730 dolum
455 652 637 746 simulata,
666 655 822 754 patriam
839 655 896 753 (1)
921 679 1084 729 reversus
1108 671 1185 744 ott,
1219 653 1280 729 lin-

211 786 382 872 motoque
397 770 442 842 ad
462 768 702 844 delectionem
718 771 859 860 animo,
877 770 921 845 ad
935 771 1029 872 regis
1045 786 1280 871 conspectum

212 886 363 960 ulterius
376 913 412 960 se
426 886 483 984 (a)
500 901 695 959 venturum
713 883 902 984 abjuravit.
914 887 1069 975 -Rex,
1082 885 1233 961 dimisso
1244 887 1281 959 in

212 1001 364 1077 hiberna
390 1001 572 1092 exercitu,
602 1001 646 1075 ad
676 1000 907 1087 hiemandum
933 1004 971 1077 in
999 1003 1084 1077 villa
1104 1003 1282 1104 longlare

215 1117 402 1208 consedit,
420 1132 529 1219 atque
548 1116 599 1191 ibi
622 1117 786 1192 Natalem
810 1119 958 1193 Domini
979 1145 1021 1193 ae
1042 1117 1178 1194 Pascha
1191 1118 1282 1194 cele·

215 1236 349 1310 bravit.
367 1237 473 1310 Facta
488 1251 542 1310 est
562 1252 682 1311 autem
704 1261 748 1312 eo
767 1251 931 1338 tempore
946 1252 1021 1310 tam
1041 1236 1159 1312 valida
1175 1252 1283 1340 atque

217 1379 339 1453 aspera
363 1350 494 1442 hiems,
518 1369 561 1426 ut
581 1354 803 1427 immanitate
827 1353 973 1454 frigoris
997 1353 1090 1429 nulli
1111 1354 1170 1453 (ὅ)
1188 1379 1285 1453 prte-

219 1470 413 1544 teritorum
426 1495 608 1573 annorum
624 1468 733 1543 hiemi
751 1470 933 1544 videretur
945 1497 1047 1571 posse
1060 1471 1236 1546 confemi.

646 1679 867 1754 DCCLXIV.

268 1844 347 1917 Rex
361 1841 554 1942 Pippinm,
581 1839 753 1914 distracto
779 1843 819 1915 in
842 1840 979 1914 diversa
997 1842 1121 1916 animo
1139 1856 1288 1943 pmpter

221 1962 296 2036 duo
310 1960 423 2049 bella,
442 1959 704 2060 Aquitanicum
719 1962 794 2056 jam
815 1958 904 2033 olim
927 1974 1152 2058 susceptum,
1171 1976 1210 2035 et
1224 1962 1289 2034 Ba·

216 2079 396 2179 joaricum
419 2092 570 2176 propter
588 2075 782 2151 Tassilonis
798 2075 897 2150 ducis
913 2076 1153 2151 defectionem
1176 2077 1291 2151 susei-

222 2192 412 2294 piendum,
436 2191 562 2291 populi
581 2191 635 2262 sui
649 2190 851 2291 generalem
864 2207 1084 2265 conventum
1107 2189 1238 2265 habuit
1253 2192 1290 2266 in

222 2311 431 2386 Wormacia
444 2309 601 2382 civitate.
616 2308 802 2407 Dilataque
814 2307 1028 2381 infuturum
1040 2306 1289 2408 expeditione,

224 2427 288 2501 illo
302 2453 398 2501 anno
421 2424 520 2499 domi
538 2449 574 2497 se
593 2424 788 2496 continuit.
809 2424 1059 2523 Hiemavitque
1073 2423 1210 2497 invilla
1223 2425 1291 2496 Ca·

222 2544 370 2631 risiaco,
389 2557 496 2641 atque
513 2540 549 2612 in
572 2567 609 2614 ea
628 2540 793 2613 Natalem
807 2541 954 2613 Domini
972 2557 1009 2613 et
1024 2555 1191 2613 sanctum
1206 2541 1291 2613 Pas-

225 2659 335 2733 chalis
346 2660 427 2732 festi
445 2658 603 2731 solemne
620 2659 672 2755 (4)
687 2656 893 2731 celebravit.
910 2656 1049 2730 Eodem
1065 2683 1164 2732 anno
1180 2657 1289 2758 eclip-

225 2777 272 2847 sis
289 2776 372 2849 solis
389 2775 482 2846 sacta
498 2790 552 2847 est
568 2799 609 2845 ιι.
629 2799 719 2846 non.
734 2777 817 2873 jun.
837 2774 889 2871 (5)
907 2773 994 2846 hora
1012 2787 1124 2846 sexta.

260 3105 301 3176 (ι)
317 3102 351 3157 D.
369 3102 458 3176 Bouq.
473 3103 502 3154 in
514 3104 637 3173 patriam
650 3121 775 3158 reversus
787 3113 836 3157 est.

259 3206 299 3278 (a)
317 3205 352 3260 D.
367 3204 454 3278 Bouq.
469 3202 540 3258 adr.
555 3213 698 3276 aspectum
710 3224 740 3260 se
754 3207 870 3261 ulterius
881 3225 911 3261 v.

258 3308 299 3382 (ὅ)
315 3311 358 3365 lta
371 3309 502 3365 habeti).
519 3309 607 3384 Bouq.
623 3309 710 3365 etalii
724 3309 793 3365 edit.
811 3311 908 3378 Perta,
932 3328 996 3367 cum
1014 3307 1185 3384 quibuednm
1205 3305 1289 3363 oodd.

225 3401 323 3459 natta.
338 3399 407 3469 Quo
427 3397 540 3468 menda,
554 3400 763 3455 amanuensium
779 3401 940 3473 ignorantie
956 3397 1120 3468 tribuenda,
1132 3406 1291 3454 accuratu

226 3489 380 3567 Eginhardi
394 3488 546 3547 dictionem
557 3491 673 3547 minime
686 3493 767 3565 sapit.
775 3493 811 3548 Et
823 3493 862 3547 sic
870 3490 905 3547 de
913 3489 1081 3566 quibusdam
1091 3488 1153 3545 aliie
1164 3487 1291 3547 barbttlt

225 3578 340 3635 vocibus
347 3590 380 3633 ut
391 3581 592 3650 reciperaverat
601 3598 653 3653 pro
662 3588 873 3652 recuperaverat
879 3606 886 3643 ,-
895 3581 977 3652 coepit
987 3595 1039 3652 pm
1051 3578 1131 3650 cepit,
1144 3586 1211 3647 ete,
1222 3590 1292 3652 quet

225 3670 257 3725 in
269 3677 376 3724 textum
386 3666 498 3721 admisit
507 3668 646 3736 Pertzius,
657 3671 820 3726 anctoritate
829 3668 934 3725 scilicet
946 3679 1072 3724 veterum
1082 3664 1231 3734 oodienm,
1243 3663 1292 3723 ted

225 3777 288 3834 que
297 3769 389 3814 tamen
403 3757 496 3826 nobis,
507 3757 700 3829 adjuvantibus
713 3759 774 3815 aliia
786 3759 879 3828 codd„
893 3755 1071 3815 emendandae
1082 3756 1144 3813 vin
1155 3763 1233 3811 tunt.

261 3863 300 3934 (d)
312 3861 347 3916 D.
361 3862 448 3935 Bouq.
460 3871 589 3915 sanctum
601 3863 713 3918 Pascha
725 3865 776 3917 cel.
793 3893 825 3904 —
834 3862 924 3919 Codd.
937 3859 1098 3920 Vindobon.
1116 3877 1166 3916 tto
1177 3869 1206 3915 et
1218 3877 1290 3935 990:

227 3961 354 4006 sanctum
367 3949 598 4022 Paschalisfesti
608 3951 810 4005 solennitatem.

260 4051 299 4123 (5)
316 4050 405 4108 codd.
419 4051 527 4107 Trevir.
539 4051 666 4106 Hannov.
677 4064 705 4107 et
717 4052 879 4108 Vindobon.
899 4072 947 4106 tto
962 4077 967 4104 ι
983 4051 1091 4107 11n0n.
1105 4051 1169 4122 jun.
