3000 5272
212 409 253 469 80
465 400 559 465 vltt
579 403 725 466 tttltott
747 402 1019 469 turtnltottts.

210 529 399 633 giscendo,
428 531 489 605 sed
516 532 624 606 etiam
647 532 868 633 desurgendo
896 536 950 634 (ι)
978 535 1270 636 interrumperet.

211 650 303 722 Cum
328 648 383 748 (a)
409 648 624 722 calcearetur
647 664 683 722 et
704 650 758 747 (ὅ)
781 651 1002 740 amiciretur,
1029 675 1106 726 non
1129 666 1272 725 tantum

211 767 343 840 amicos
368 765 600 855 admittebat,
630 769 912 856 verumetiam,
941 770 970 843 si
998 794 1119 844 comes
1148 770 1271 870 palatii

210 883 313 956 litem
327 882 482 983 aliquam
494 909 567 958 esse
583 883 719 958 diceret
735 910 817 986 quar
833 884 910 959 sine
927 887 1001 984 ejus
1013 889 1115 986 jussu
1128 884 1270 960 deliniri

212 1024 288 1072 non
307 1015 444 1099 posset,
463 999 584 1071 statim
601 998 781 1099 litigantes
803 999 1032 1074 introducere
1047 998 1218 1101 jubebat,
1236 1016 1272 1075 et

211 1114 311 1190 velut
333 1142 402 1214 pro
428 1114 600 1188 tribunali
624 1115 778 1204 sederet,
805 1115 869 1189 lite
891 1116 1033 1216 cognita
1058 1117 1270 1191 sententiam

211 1231 353 1307 dicebat
372 1233 444 1330 (4);
462 1259 529 1306 nec
550 1230 620 1307 hoc
641 1247 783 1305 tantum
801 1258 844 1306 eo
867 1248 1050 1333 tempore,
1067 1234 1128 1309 sed
1145 1235 1269 1327 etiam,

212 1377 253 1425 ea
268 1349 326 1425 die
339 1350 512 1452 quicquid
523 1350 712 1449 cujuslibet
723 1351 829 1424 officii
841 1351 1017 1451 agendum
1028 1365 1090 1425 aut
1106 1353 1270 1454 cuiquam

213 1468 463 1543 ministrorum
478 1466 737 1568 injungendum
748 1483 842 1557 erat,
856 1468 1076 1568 expediebat.

263 1928 387 2004 XXV.
414 1928 502 2002 Erat
521 1930 575 2029 (5)
592 1929 796 2031 eloquentia
816 1930 981 2031 copiosus
999 1945 1036 2004 et
1054 1929 1269 2020 exuberans,

215 2061 446 2147 poteratque,
472 2045 644 2148 quicquid
667 2046 791 2136 vellet,
817 2049 1037 2147 apertissime
1061 2050 1269 2149 exprimere.

215 2162 290 2237 Nec
304 2163 424 2263 patrio
443 2178 585 2236 tantum
609 2189 775 2238 sermone
800 2180 1014 2255 contentus,
1038 2167 1148 2241 etiam
1171 2193 1272 2269 pere-

213 2280 328 2381 grinis
345 2279 476 2381 linguis
492 2278 687 2355 ediscendis
706 2306 853 2380 operam
868 2280 1065 2380 impendit,
1089 2284 1127 2358 in
1144 2282 1272 2386 quibus

215 2398 365 2473 latinam
394 2399 442 2472 ita
471 2397 623 2486 didicit,
654 2412 696 2470 ut
722 2424 825 2498 aeque
853 2398 910 2471 illa
942 2426 983 2472 ac
1013 2402 1129 2500 patria
1155 2402 1271 2503 lingua

215 2540 319 2590 orare
333 2515 391 2615 (6)
413 2515 460 2587 sit
484 2514 629 2603 solitus;
647 2540 801 2615 graecam
821 2541 907 2589 vero
927 2516 1054 2590 melius
1079 2517 1271 2619 intelligere

214 2657 324 2732 quam
335 2631 572 2731 pronuntiare
585 2645 728 2730 poterat
739 2631 809 2730 (7).
827 2630 927 2705 Adeo
945 2631 1092 2732 quidem
1104 2631 1271 2708 lacrmdus

215 2761 311 2834 erat,
328 2761 371 2818 ut
385 2747 493 2820 etiam
503 2745 702 2821 didascalus,
709 2748 761 2845 (8)
779 2761 978 2846 appareret.
994 2745 1098 2822 Artes
1113 2751 1169 2849 (9)
1183 2746 1270 2823 libe·

216 2864 307 2938 rales
327 2862 580 2937 studiosissime
603 2863 736 2951 coluit,
762 2890 955 2965 earumque
975 2864 1143 2941 doctores
1162 2864 1268 2967 pluri·

217 3007 318 3055 mum
341 2994 547 3066 veneratus,
568 2981 705 3079 magnis
721 2980 892 3056 afficiebat
909 2982 1124 3058 honoribus.
1143 2987 1187 3059 ln
1204 2984 1268 3060 dis·

251 3285 291 3356 (ι)
307 3283 404 3351 Perta,
426 3300 490 3336 cum
508 3280 569 3336 cod.
588 3281 751 3338 vindobon.
767 3282 820 3361 667
838 3307 845 3339 t
865 3285 1082 3361 deresurgendo.
1100 3322 1134 3331 —
1146 3287 1264 3363 Plerique

216 3374 300 3430 codd.
322 3372 507 3447 desurgendo.
525 3403 561 3416 ·-
578 3372 644 3428 Non
661 3372 730 3428 nulli
750 3397 757 3429 :
780 3376 962 3451 resurgendo,
983 3378 1160 3453 exurgeudo,
1180 3394 1263 3435 essm

216 3462 309 3538 gendo
315 3506 324 3533 ,
339 3463 489 3538 surgerrdo
499 3494 532 3504 -
544 3463 577 3518 D.
589 3463 677 3538 bouq.
690 3465 840 3538 surgendo.

250 3555 291 3627 (a)
307 3553 352 3611 cf.
365 3553 443 3610 Suet.
457 3554 572 3626 vespas.
587 3574 614 3609 c.
628 3572 672 3610 ar.

250 3641 290 3716 (ὅ)
307 3645 354 3701 sic
364 3645 400 3699 D.
414 3642 501 3718 Bouq.
511 3653 540 3697 et
552 3642 678 3719 plerique
687 3645 768 3701 codd.
777 3675 814 3688 -
826 3645 904 3700 Perta
917 3669 923 3700 ι
937 3656 997 3701 aut.

250 3737 292 3809 (4)
309 3737 355 3794 sic
367 3737 403 3791 D.
417 3735 504 3809 bouq.
515 3764 552 3777 -
562 3734 644 3792 Perta
655 3760 661 3791 :
673 3737 803 3809 jussit...
815 3735 898 3792 dixit.

252 3824 293 3899 (5)
309 3825 355 3883 Cf.
367 3825 444 3881 Suet.
458 3825 531 3897 Aug.
547 3843 572 3879 c.
584 3824 630 3891 84.

252 3918 294 3990 (6)
310 3917 354 3974 ef.
369 3915 446 3973 Suet.
461 3914 519 3969 Tit.
532 3933 558 3970 c.
572 3912 599 3970 5.

252 4010 294 4084 (7)
310 4006 355 4064 Cl.
370 4006 447 4063 Suet.
462 4006 534 4075 Aug.
547 4023 572 4059 c.
586 4003 630 4077 89.

252 4096 294 4166 (8)
310 4094 402 4152 codd.
415 4091 591 4160 ddascutus,
604 4089 753 4146 didascalus
760 4132 768 4158 ,
783 4089 934 4146 dicaculus.

254 4186 293 4259 (9)
310 4184 354 4239 Cf.
369 4183 446 4240 Suet.
461 4181 557 4238 tiber.
571 4199 596 4236 c.
611 4197 655 4253 7⁰·
