3000 5272
214 408 274 474 208
649 406 836 470 KAROLUS.

215 556 317 628 sunt3
336 537 396 612 sed
411 537 557 610 frustra.
573 536 664 610 Nam
672 539 711 610 in
721 554 878 639 utroque
894 537 976 613 loeo
986 540 1071 612 victi
1087 538 1273 643 fugatique

212 672 316 745 sunt,
334 669 370 729 et
383 653 505 726 multis
516 678 663 727 suorum
678 654 832 743 amissis,
851 680 1076 756 cummagno
1087 656 1272 732 dammae

212 777 290 849 looa
304 800 365 846 sua
381 796 417 844 se
435 786 660 871 receperunt.
681 772 797 865 Quam
819 773 986 872 injurium
1001 775 1102 851 velut
1116 774 1273 849 vindim-

211 892 304 979 turi,
331 891 462 963 iterum
491 888 687 987 Bajoariam
712 888 906 987 majoribus
934 891 1046 991 copiis
1068 892 1270 991 petierunt,

213 1011 274 1085 sed
292 1010 329 1080 in
352 1008 467 1106 prima
485 1006 735 1107 congressione
763 1008 819 1106 (ι)
848 1007 940 1106 pulsi
970 1036 990 1081 a
1019 1006 1211 1108 RaJ'oariis,
1238 1026 1273 1084 et

212 1128 400 1199 innumera
411 1120 607 1195 multitudo
623 1147 749 1195 eorum
765 1148 872 1214 caesa,
897 1123 1002 1196 multi
1017 1125 1127 1197 etiam
1143 1127 1270 1215 exeis,

211 1242 274 1343 qui
285 1267 349 1340 per
364 1239 485 1339 fugam
501 1237 647 1312 evadere
664 1238 801 1326 conati,
823 1238 1030 1313 Danubium
1047 1255 1194 1317 tranare
1207 1266 1272 1317 vo-

211 1358 359 1432 luerunt
375 1357 448 1455 (a),
468 1353 669 1455 gurgitibus
681 1353 842 1428 fluminis
858 1355 1018 1457 absorpti
1037 1373 1137 1432 sunt.

261 1477 399 1547 Interea
409 1472 1270 1576 Constantinusimperatorprupternegatamsibi

211 1593 305 1694 regis
318 1591 429 1664 filiam
441 1591 564 1676 iratus,
579 1587 812 1662 Theodorum
822 1592 1027 1688 patricium,
1041 1593 1175 1668 Sieiliae
1184 1621 1272 1696 prae·

211 1709 369 1797 fectum,
387 1732 469 1778 cum
485 1705 561 1776 aliis
576 1703 727 1776 ducibus
746 1706 817 1778 suis
833 1705 921 1780 fines
938 1707 1271 1786 Beneventanomm

211 1837 349 1896 vastare
360 1821 478 1919 jussit.
500 1819 669 1912 Quicum
685 1820 856 1919 imperata
872 1839 1171 1922 exsequerentur,
1186 1827 1270 1901 Gri-

212 1936 436 2033 moaldus(3)
446 1933 835 2035 quieodemannopost
845 1951 998 2009 mortem
1008 1941 1270 2036 patrisduxllo

212 2051 421 2127 neventanis
438 2077 458 2122 a
477 2076 559 2151 rege
575 2050 676 2123 datus
693 2067 763 2139 est,
786 2066 823 2125 et
840 2051 1185 2158 Hildibrandusffl),
1203 2061 1270 2136 dux

212 2168 475 2267 spolitinorum
485 2219 496 2253 ,
508 2191 590 2236 oum
604 2167 715 2264 copiis
729 2192 816 2266 quas
825 2192 1040 2270 congregare
1054 2188 1268 2271 potuerunt,
1288 2164 1294 2173 ¹

212 2287 251 2358 in
270 2280 431 2356 Calabria
448 2283 497 2355 eis
509 2295 765 2370 occurrerunt,
789 2281 957 2358 habentes
976 2312 1097 2361 secum
1120 2289 1269 2392 legatum

213 2404 305 2504 regis
321 2399 562 2500 Winigisum,
586 2401 649 2501 qui
666 2414 786 2499 postea
805 2401 842 2472 in
859 2400 990 2474 ducatu
1005 2405 1191 2504 Spolitino
1205 2410 1270 2484 llil·

212 2517 390 2592 dibrando
403 2517 578 2590 successit.
592 2517 863 2617 commissoque
878 2518 1005 2617 praelio
1012 2573 1024 2609 ,
1046 2523 1270 2601 immodicam

213 2663 256 2710 ex
274 2636 322 2710 eis
342 2633 612 2708 multitudinem
627 2633 850 2722 ceciderunt,
878 2661 918 2708 ac
935 2637 1011 2711 sine
1024 2663 1089 2712 suo
1111 2666 1270 2717 suornm-

211 2779 281 2852 que
306 2751 403 2851 gravi
419 2750 605 2848 dispendio
635 2751 789 2824 victores
804 2749 908 2840 facti,
930 2779 1104 2853 magnum
1121 2761 1269 2858 captivo·

211 2891 296 2937 rum
310 2891 351 2936 ac
367 2863 566 2962 spoliorum
583 2890 777 2937 numerum
793 2866 832 2938 in
848 2892 909 2940 sua
928 2882 1039 2940 castra
1057 2872 1268 2949 retulerunt

211 2985 289 3057 Rex
304 2997 424 3054 autem
449 2980 487 3051 in
512 2981 708 3078 Baj0ariam
725 2981 928 3081 profectus,
955 2985 1105 3060 eandem
1122 2994 1268 3090 provin-

212 3101 303 3172 ciam
328 3123 411 3171 oum
439 3097 511 3168 suis
538 3097 701 3170 terminis
726 3099 906 3174 ordinavit
935 3118 1041 3203 atque
1072 3106 1267 3208 disposuit,

211 3231 317 3315 atque
337 3213 419 3287 inde
436 3239 633 3312 regressus,
653 3215 690 3287 in
717 3214 930 3316 Aquisgrani
949 3220 1082 3317 palatio
1098 3250 1190 3316 suo,
1213 3225 1267 3301 ubi

211 3330 449 3418 hiemaverat,
475 3345 512 3402 et
527 3328 623 3404 diem
640 3330 787 3404 Domini
810 3333 1013 3408 natalitium
1038 3356 1267 3444 sanctumque

211 3444 341 3520 Pascha
358 3472 459 3519 more
475 3446 625 3519 solemni
644 3445 848 3522 celebravit.

245 3779 288 3847 (ι)
305 3776 340 3831 Ι).
355 3775 442 3848 Bonq.
458 3793 522 3830 cum
535 3775 658 3832 Nnenar.
676 3779 777 3834 comite
792 3803 798 3832 :
813 3782 841 3834 in
852 3784 941 3851 pn'mo
953 3800 1116 3855 congressu.

246 3867 285 3936 (a)
303 3864 425 3920 Nueuar.
439 3879 530 3917 comes
545 3887 550 3916 :
566 3866 721 3920 noluerunt.
738 3865 822 3934 Quod
836 3885 918 3923 sensu
931 3879 1015 3925 earet.

246 3948 287 4022 (ὅ)
303 3949 348 4006 ΑΙ.
365 3947 533 4003 Grimoldus.

247 4043 285 4111 (n
303 4039 348 4096 n.
363 4038 581 4095 muamus.
