3000 5272
210 436 250 494 62
461 428 555 491 vm
576 430 726 495 Ktnotl
748 430 1022 494 lnetntrottn.

211 563 292 635 dam
314 561 370 662 (ι)
387 563 554 637 Saxonici
577 565 738 662 generis,
763 562 808 636 de
826 590 895 663 qua
911 564 944 637 ei
962 561 1035 636 filia
1051 565 1204 638 nomine
1227 568 1278 664 (a)

212 678 388 753 Adaltrud
403 681 461 778 (3)
478 696 562 752 nata
574 695 648 768 est,
666 697 702 753 et
717 681 891 781 Reginam
905 682 962 779 (4)
971 735 982 771 ,
998 706 1081 781 qnae
1097 683 1131 754 ei
1145 681 1280 784 Drogo

213 822 298 870 nem
316 797 373 893 (5)
396 811 433 869 et
450 797 593 895 Hugum
615 797 670 895 (6)
692 797 837 897 genuit,
857 794 893 870 'et
914 795 1144 871 Adallindem
1159 799 1216 897 (7)
1238 826 1279 874 ex

212 941 283 1014 qua
307 913 552 988 Theodricum
576 916 633 1013 (8)
658 915 873 1013 procreavit.
900 914 1017 986 Mater
1039 919 1280 1016 quoquc-ejus

214 1029 410 1104 Berthrada
428 1032 479 1129 (9)
497 1031 533 1102 in
556 1056 687 1130 magno
706 1030 800 1129 apud
816 1056 900 1104 eum
919 1028 1059 1105 honore
1077 1034 1277 1106 consenuit.

215 1143 366 1221 Colebat
378 1147 476 1219 enim
493 1173 571 1219 eam
589 1172 672 1218 cum
688 1172 824 1219 summa
839 1148 920 1245 (ιο)
937 1148 1158 1237 reverentia,
1177 1148 1227 1220 ita
1242 1162 1280 1219 nt

216 1259 315 1332 nulla
328 1286 488 1360 unquam
500 1261 678 1359 invicem(
685 1290 694 1333 t
707 1262 740 1357 1)
752 1263 800 1333 sit
812 1276 935 1335 exorta
945 1260 1138 1350 discordia,
1150 1277 1280 1361 praeter

217 1380 255 1450 in
267 1378 425 1453 divortio
438 1378 524 1452 filiae
535 1380 709 1452 Desiderii
724 1380 830 1478 regis,
844 1404 954 1479 quam
967 1379 1026 1452 illa
1039 1378 1213 1454 suadente
1225 1405 1280 1452 ao·

217 1514 371 1595 ceperat.
381 1496 689 1570 Decessittandem
700 1512 947 1596 postmortem
955 1497 1280 1596 Hildegardae,eum

213 1618 288 1711 jam
308 1631 378 1688 tres
396 1631 546 1714 nepotes
559 1641 641 1689 suos
660 1614 882 1716 totidemque
897 1631 1021 1714 neptes
1039 1616 1077 1687 in
1094 1614 1162 1688 filii
1174 1615 1281 1690 domo

218 1731 378 1820 vidisset3
399 1759 507 1833 quam
526 1733 586 1805 ille
607 1737 643 1805 in
669 1733 791 1807 eadem
812 1732 956 1807 basilica
978 1760 1049 1833 qua
1073 1748 1187 1832 pater-
1199 1735 1281 1807 situs

220 1865 294 1937 est,
317 1849 411 1948 apud
432 1851 605 1922 Sanctum
627 1851 861 1951 Dionysium,
886 1875 1017 1950 magno
1039 1875 1123 1921 cum
1143 1849 1280 1925 honore

218 1963 307 2038 fecit
321 1963 476 2037 humari.
491 1966 581 2038 Erat
597 1968 630 2039 ei
644 1967 749 2038 unica
765 1992 883 2054 soror,
902 1967 1053 2040 nomine
1070 1966 1168 2041 Gisla
1183 1969 1201 2066 (
1209 1968 1280 2065 ra),

220 2108 240 2152 a
253 2079 473 2181 puellaribus
486 2083 589 2155 annis
602 2082 778 2183 religiosae
792 2083 1056 2156 conversationi
1069 2082 1281 2183 mancipata,

220 2226 330 2300 quam
347 2200 513 2275 similiter
529 2216 571 2272 ut
591 2215 743 2274 matrem
758 2227 886 2300 magna
905 2202 987 2299 (13)
1004 2200 1120 2274 coluit
1134 2201 1280 2301 pietate

221 2343 305 2416 quae
319 2319 445 2405 etiam,
464 2318 585 2416 paucis
599 2333 682 2390 ante
694 2315 837 2391 obitum
850 2319 946 2390 illins
961 2320 1084 2407 annis,
1101 2319 1140 2392 in
1152 2344 1198 2395 co
1213 2343 1284 2420 qne

222 2451 428 2510 conversata
445 2451 499 2508 est
512 2438 732 2510 monasterio
749 2436 909 2509 decessit.

224 2698 406 2763 concubinas,
431 2707 460 2751 et
482 2715 557 2771 seqq.
579 2697 678 2751 verba:
703 2696 970 2769 Matltalgardim....
994 2694 1150 2751 flothildim
1167 2696 1285 2760 omittit,

225 2807 284 2861 quae
295 2787 408 2862 quidem
421 2789 450 2841 in
463 2787 601 2861 plerisque
612 2786 695 2842 codd.
707 2787 909 2842 desiderantur.

260 2877 373 2948 (1)All.
392 2876 612 2944 Gersuuindam,
633 2876 834 2931 Gesuiundam.
850 2888 856 2901 ¹

261 2970 301 3038 (a)
320 2968 361 3020 lta
372 2967 407 3019 D.
422 2966 509 3039 Bouq.
522 2975 551 3020 et
564 2984 662 3020 novem
676 2965 757 3021 codd.
767 2967 910 3023 -Pertzz
927 2985 1036 3021 nomen.

260 3053 301 3128 (ὅ)
318 3054 372 3109 All.
388 3053 536 3120 Adatrud,
552 3053 735 3121 Adaltrudts,
754 3055 933 3123 Adane-ud,
950 3054 1118 3121 Αάαὶὴνιαὶ,
1138 3052 1288 3115 Adeunt,

228 3142 366 3209 Adulter,
388 3142 558 3209 Adaltkrm,
579 3142 758 3211 Adaltrtud,
776 3144 925 3209 Adalrud,
948 3143 1107 3205 Adalrhrst,
1122 3140 1288 3208 ΑᾰαίνΜ,

228 3232 349 3301 Altrud,
365 3232 549 3287 Adcldrudt's.

263 3327 301 3395 (4)
319 3323 375 3380 All.
390 3324 542 3391 Rehinam,
557 3324 690 3389 Reinam,
706 3324 837 3391 Remum,
852 3325 977 3395 Regiam.

262 3414 300 3485 (5)
319 3415 375 3470 All.
389 3416 564 3488 Drugonem,
579 3415 767 3486 Drongonem.

264 3503 303 3574 (6)
321 3502 481 3574 Hugonem,
495 3503 524 3556 in
538 3512 607 3574 sept.
622 3500 719 3567 codd.;
736 3499 771 3554 al.
792 3500 927 3573 Ugonem.

264 3595 303 3667 (7)
321 3592 375 3648 All.
394 3591 579 3659 Adalindm,
594 3590 782 3656 Adillimtem,
802 3589 1003 3656 Adallindam,
1019 3588 1213 3656 Adiltindam,
1230 3583 1292 3641 Ad-

230 3682 350 3750 Iindam,
367 3681 528 3750 Aenariam,
540 3680 721 3749 Adalintam,
736 3680 885 3747 Atridam,
898 3679 1088 3747 Adatindam,
1103 3676 1293 3734 Adellut'daut.

264 3770 303 3842 (8)
321 3769 376 3824 All.
397 3769 612 3834 Theodericum,
631 3769 846 3833 Theodericum,
867 3766 1079 3823 Thedert'chum.

265 3862 305 3934 (9)
323 3858 378 3915 Alt.
393 3857 566 3925 Berlttmtla,
581 3857 768 3924 Berettrmta,
782 3857 935 3924 Bertmda,
949 3855 1111 3921 Bahman,
1127 3854 1272 3909 Perhtmt.

266 3950 322 4018 (ιο)
342 3947 432 4006 codd.
446 3947 552 4003 Christ.
567 3947 637 4019 Reg.
649 3946 716 4020 692,
731 3958 759 4001 ct
772 3946 932 4002 vindobon.
950 3946 997 4000 16:
1016 3962 1129 4016 magna.

269 4043 324 4109 (tt)
344 4040 465 4093 Nuenar.
481 4056 551 4091 corn.
566 4041 703 4092 intereos.

270 4132 325 4198 (tn)
346 4128 397 4183 ΑΙΙ.
415 4130 516 4202 Cyda,
537 4130 644 4185 Giscla.
667 4129 765 4181 Gesila.

272 4217 325 4285 ''¹3)
344 4220 412 4274 Cot
433 4220 590 4275 Yindobon.
611 4239 673 4274 110·
697 4237 809 4271 sumata.
