3000 5272
387 465 447 522 att
822 456 1012 518 Klttotus.

387 619 512 666 zorum
529 593 660 693 regulis
687 605 724 664 et
745 590 934 663 nobilitate
953 590 1092 689 generis
1108 605 1144 663 et
1170 588 1384 664 auctoritate
1400 617 1447 664 se-

385 712 540 784 nectutis
553 710 660 811 longe
671 706 927 808 praeeminebat
935 706 1170 805 —extemplo
1181 733 1264 779 cum
1277 705 1445 780 omnibus

386 826 457 897 suis
472 825 516 897 ad
531 852 652 924 regem
668 824 711 897 de
729 824 871 896 civitate
891 823 1080 921 processit,
1096 820 1235 896 obsides
1246 823 1311 923 qni
1334 824 1445 920 impe

386 924 560 1014 rebantur
575 941 690 1030 dedit,
720 940 826 1013 fidem
843 966 879 1013 se
904 941 977 1039 regi
998 966 1038 1012 ac
1055 940 1200 1012 Francis
1222 956 1445 1014 servaturum

380 1057 613 1156 jurejurando
630 1056 809 1156 promisit,
824 1055 940 1148 Quem
955 1056 1073 1128 caeteri
1088 1055 1298 1130 Sclavornm
1309 1056 1446 1156 primo-

386 1197 442 1244 res
467 1198 508 1243 ac
524 1172 636 1272 emuli
658 1197 782 1245 omnes
799 1172 933 1258 secuti,
953 1197 989 1243 se
1010 1169 1101 1269 regis
1124 1168 1253 1243 ditioni
1276 1168 1445 1244 subdide-

287 1309 292 1325 ·
386 1301 486 1357 runt.
507 1288 603 1357 Tum
622 1286 700 1370 illc,
720 1283 869 1358 subacto
883 1284 946 1357 illo
957 1285 1093 1384 populo
1109 1299 1145 1357 et
1158 1282 1347 1359 obsidibus
1358 1310 1444 1385 quos

385 1403 630 1502 darejusserat
645 1403 818 1502 acceptis,
830 1402 950 1491 eadem
964 1403 1018 1474 via
1035 1427 1104 1501 qua
1120 1401 1318 1474 venerated
1327 1401 1444 1474 Albim

385 1546 562 1621 regressus
587 1535 659 1606 est,
682 1536 719 1592 et
735 1520 895 1592 exercitu
907 1545 972 1617 per
988 1535 1138 1617 pontem
1152 1515 1325 1607 reducto,
1344 1517 1445 1591 rebus

384 1662 529 1736 quoque
546 1634 590 1707 ad
616 1637 771 1709 Saxones
801 1633 1066 1734 pertinentibus
1088 1631 1284 1706 secundum
1310 1649 1444 1732 tempus

384 1751 583 1850 dispositis,
605 1753 642 1822 in
660 1752 845 1823 Franciam
860 1776 1020 1823 reversus
1037 1763 1109 1836 est,
1130 1765 1166 1822 ct
1185 1749 1222 1819 in
1239 1748 1444 1822 Wornmeia

384 1869 527 1942 civitate
549 1885 584 1942 et
600 1869 760 1941 Natalem
776 1869 921 1941 Domini
940 1883 975 1939 et
992 1864 1120 1938 Pascha
1137 1863 1345 1939 celebravit.

826 2197 995 2269 DCCXC.

433 2359 618 2429 llocanuo
635 2356 776 2429 nullum
796 2357 863 2429 iter
880 2355 1068 2430 exercitale
1086 2382 1104 2426 a
1120 2379 1203 2454 rege
1217 2353 1357 2428 factum
1371 2357 1441 2455 (1);

385 2471 445 2548 s'ed
463 2475 500 2546 in
519 2475 729 2546 Wormacia
745 2473 920 2558 residens,
936 2472 1066 2572 legatos
1085 2473 1280 2544 Hunorum
1298 2486 1336 2545 et
1348 2472 1444 2544 andi-

385 2591 458 2676 vit,
484 2607 520 2662 et
537 2615 619 2663 suos
637 2590 791 2662 vicissim
815 2591 859 2661 ad
874 2615 1000 2663 eornm
1019 2588 1199 2687 principes
1221 2588 1335 2660 misit.
1363 2588 1445 2689 Age

385 2704 492 2775 batur
517 2705 693 2778 intereos
719 2704 763 2778 de
780 2704 946 2778 confiniis
973 2704 1027 2802 (2)
1060 2729 1254 2805 regnorum
1276 2729 1442 2789 suorum,

386 2817 517 2917 quibus
546 2820 582 2890 in
608 2820 695 2891 locis
721 2847 793 2893 esse
813 2819 998 2893 deberent.
1030 2821 1114 2892 llaec
1132 2820 1321 2894 contentio
1346 2837 1445 2922 atque

386 2933 592 3024 altercatio,
607 2933 712 3023 belli,
736 2935 835 3034 quod
851 2951 972 3033 postea
990 2962 1072 3007 cum
1088 2936 1203 3007 Hunis
1220 2951 1365 3035 gestum
1378 2952 1444 3024 cst,

387 3052 616 3124 seminarium
635 3067 672 3123 et
694 3051 797 3149 origo
825 3050 909 3122 fuit.
942 3051 1018 3124 Rex
1036 3067 1173 3138 autem,
1197 3077 1244 3125 uc
1270 3054 1372 3153 quasi
1389 3078 1446 3153 per

389 3172 505 3241 otinm
519 3185 663 3268 torpere
673 3194 713 3238 ac
721 3182 861 3266 tempus
873 3183 987 3241 terere
999 3168 1194 3257 videretur,
1207 3195 1275 3267 per
1285 3170 1446 3244 Moenum

390 3284 540 3358 lluvium
551 3285 593 3358 ad
611 3285 705 3357 Saltz
719 3286 787 3382 (ὅ),
802 3285 972 3382 palatium
987 3311 1092 3356 suum
1108 3285 1144 3356 in
1156 3282 1348 3359 Germania
1353 3288 1446 3387 juxta

389 3402 504 3474 Salam
519 3402 669 3474 llusium
680 3418 946 3490 constructum,
963 3403 1159 3501 navigavit,
1178 3418 1287 3502 atque
1298 3403 1383 3478 inde
1395 3405 1447 3475 ite·

390 3547 472 3591 rum
494 3546 560 3617 per
584 3519 738 3591 eundem
766 3545 906 3591 amnem
924 3517 1074 3590 secunda
1099 3545 1188 3618 aqua
1207 3518 1445 3592 Wormaciam

391 3661 550 3709 reversus
569 3649 634 3706 est.
665 3637 827 3734 Cumque
854 3634 903 3706 ibi
934 3634 1123 3720 hiemaret,
1143 3635 1259 3734 ipsum
1284 3634 1442 3735 palatium

392 3752 429 3823 in
446 3775 520 3850 quo
537 3748 832 3838 conversabatur,
862 3777 942 3821 casu
964 3749 1164 3839 accidente,
1183 3767 1371 3826 nocturno
1396 3751 1441 3823 in·

424 4050 463 4118 (r)
481 4049 514 4102 D.
520 4048 606 4120 Bouq.
615 4047 804 4103 cnmNuenar.
810 4064 880 4100 com.
889 4047 939 4100 hoc
947 4048 1106 4103 aunonidla
1112 4045 1278 4118 expedition
1287 4067 1309 4101 r.
1309 4046 1435 4119 sacuest

425 4140 464 4206 (a)
482 4136 618 4190 Freherus
633 4160 638 4188 ε
655 4135 689 4189 de
703 4135 867 4207 confinibus.

427 4224 465 4295 (5)
483 4226 535 4281 All.
553 4228 627 4283 Sala.
645 4228 731 4287 Salat,
750 4227 842 4280 Solae.
