3000 5272
833 119 914 277 C

399 429 438 490 84
650 427 743 488 vm
765 427 911 491 KAROLI
935 427 1207 491 lurEulToms,

400 559 590 635 nocturnis
624 556 723 632 boris
751 573 787 632 et
819 559 981 632 sacrificii
1010 576 1200 660 tempore,
1230 563 1351 662 quoad
1384 589 1464 638 eum

399 674 571 751 valetudo
582 675 811 775 permiserat,
827 676 979 777 impigre
1001 675 1276 777 frequentabat,
1296 678 1463 754 curabat-

399 821 471 895 que
486 817 716 893 magnopere,
730 807 772 864 ut
787 793 907 866 omnia
924 794 1057 892 quaein
1078 820 1116 866 ea
1129 791 1362 894 gerebantur,
1383 823 1462 870 cum

399 936 508 1011 quam
524 910 676 981 maxima
695 908 824 982 fierent
845 907 1051 998 honestate;
1078 909 1229 985 aedituos
1247 909 1461 987 creberrime

400 1053 654 1115 commonens,
677 1053 723 1101 ne
745 1026 833 1127 quid
852 1027 1018 1102 indecens
1042 1044 1104 1100 aut
1120 1029 1305 1103 sordidum
1324 1048 1388 1104 aut
1405 1033 1460 1105 iu-

398 1145 484 1221 ferri
505 1161 567 1217 aut
590 1145 626 1217 in
645 1172 685 1220 ea
705 1171 890 1220 remanere
906 1147 1172 1245 permitterent.
1192 1149 1387 1223 Sacrorum
1403 1177 1460 1223 va-

319 1318 322 1323 .
399 1285 523 1333 sorum
538 1286 581 1333 ex
598 1264 687 1333 auro
711 1276 748 1334 et
769 1275 939 1360 argento,
963 1262 1336 1362 vestimentorumque
1353 1291 1459 1338 sacer·

398 1375 573 1451 dotalium
606 1390 745 1448 tantam
779 1377 816 1448 in
849 1403 888 1451 ea
920 1377 1060 1476 copiam
1089 1380 1325 1477 procuravit,
1352 1396 1394 1454 ut
1424 1383 1457 1453 in

399 1491 580 1567 sacrificiis
598 1489 817 1566 celebrandis
834 1518 881 1565 ne
897 1490 1116 1591 janitoribus
1135 1492 1302 1593 quidem,
1322 1495 1386 1597 qui
1402 1495 1459 1568 ul-

400 1611 480 1683 timi
504 1610 729 1684 ecclesiastici
751 1609 890 1683 ordinis
913 1625 1017 1697 sunt,
1037 1610 1179 1708 privato
1204 1609 1332 1684 habitu
1353 1612 1458 1685 mini-

399 1744 512 1802 strare
526 1752 665 1802 necesse
680 1727 816 1801 fuisset.
834 1729 988 1828 Legendi
1001 1743 1109 1828 atque
1121 1728 1295 1827 psallendi
1307 1728 1458 1830 discipli·

399 1869 484 1916 nam
502 1843 772 1944 diligentissime
791 1843 1006 1916 emendarit.
1036 1843 1126 1914 Erat
1152 1843 1251 1917 enim
1276 1845 1458 1945 utriusque

398 1956 593 2033 admodum
609 1958 783 2048 eruditus,
799 1983 1016 2058 quamquam
1032 1958 1105 2057 ipse
1122 1983 1189 2030 nec
1204 1956 1352 2056 publice
1368 1959 1457 2060 lege-

398 2089 475 2164 ret,
493 2100 560 2149 nec
577 2074 645 2147 nisi
665 2071 868 2147 submissim
885 2088 921 2146 et
940 2074 978 2146 in
1001 2099 1194 2148 commune
1213 2090 1376 2151 cantaret
1393 2079 1454 2175 (1).

447 2543 602 2619 xxvll.
630 2541 731 2614 Circa
752 2566 923 2640 pauperes
945 2540 1195 2616 sustentandos
1212 2556 1249 2616 et
1271 2542 1453 2642 gratuitam

398 2659 669 2743 liberalitatem,
695 2684 804 2757 quam
828 2657 947 2732 Graeci
963 2658 1224 2756 eleemosynam
1236 2658 1294 2756 (a)
1312 2673 1449 2743 vocant,

399 2775 647 2849 devotissimus
656 2825 667 2859 ,
688 2773 808 2870 utqui
827 2797 902 2845 non
921 2773 957 2843 in
978 2773 1091 2870 patria
1108 2773 1226 2847 solum
1242 2788 1280 2846 et
1296 2773 1334 2845 in
1351 2796 1452 2875 regno

399 2917 464 2964 suo
482 2889 518 2962 id
534 2889 649 2961 facere
670 2889 865 2974 curaverit,
885 2914 1010 2960 verum
1023 2891 1076 2987 (ὅ)
1098 2905 1194 2963 trans
1208 2891 1321 2964 maria
1339 2892 1377 2964 in
1393 2891 1449 2991 sy·

398 3008 489 3079 riam
502 3004 560 3102 (4)
571 3017 607 3076 et
615 3004 815 3101 AEgyptum
826 3016 933 3101 atque
943 3002 1115 3093 Africam,
1130 3005 1447 3104 Hierosolimis(5),

432 3311 472 3378 (1)
489 3304 558 3362 Cod.
573 3302 640 3357 olim
655 3302 756 3358 Venet.
771 3302 823 3355 al.
839 3299 965 3355 lllorellio
982 3301 1012 3355 in
1024 3300 1194 3357 bibliotheca
1210 3319 1259 3357 sua
1272 3320 1325 3358 ms.
1339 3301 1444 3374 ἀωιγ

398 3407 443 3450 tus
455 3394 504 3448 hic
515 3390 593 3447 addit
612 3413 618 3443 ε
638 3387 819 3462 octingentas
837 3397 864 3441 et
880 3389 1042 3461 octuaginta
1055 3407 1107 3445 sea:
1119 3389 1252 3446 ecclesius
1268 3392 1329 3447 suis
1342 3389 1444 3464 pruptt't't

398 3481 555 3554 sumptibus
575 3496 637 3533 cum
657 3475 876 3549 supellectilibus
895 3486 922 3530 et
940 3477 1005 3532 aliis
1026 3479 1198 3532 ornamentis
1218 3476 1260 3533 ad
1280 3477 1391 3535 lauden
1404 3472 1445 3531 Bt*

399 3575 541 3643 beataque
557 3568 682 3639 Virginis
698 3565 848 3633 dedicauit,
868 3567 922 3618 urta
937 3565 1025 3620 millu
1039 3573 1067 3620 et
1079 3568 1272 3638 septingentas
1284 3569 1315 3623 iri
1328 3575 1385 3623 toto
1393 3560 1443 3621 ult

399 3661 574 3720 restauravit.
588 3654 673 3727 Quod
685 3653 807 3728 quidem,
819 3653 915 3726 judice
926 3654 1044 3723 Pertzio,
1059 3673 1116 3710 uon
1128 3665 1239 3712 tantum
1251 3650 1442 3714 babstemtttl'

398 3753 463 3810 tatis
474 3759 506 3806 ut
519 3749 548 3803 in
558 3755 636 3802 textu
647 3744 819 3800 admittatur.

432 3843 472 3914 (2)
491 3843 512 3895 l.
523 3858 547 3894 e.
562 3835 727 3905 ἰλιιμοσῦιη.

432 3928 471 4001 (l)
488 3925 578 3984 Codd.
596 3921 757 3979 Vindobon.
772 3918 823 3976 338
836 3931 865 3974 et
876 3919 1024 3976 Zwetlens.
1038 3939 1136 3975 uerum
1151 3923 1244 3975 etrum.

432 4021 470 4090 (l)
489 4016 534 4073 ΑΙ.
547 4015 660 4071 Sirium.
674 4043 702 4051 -
718 4008 772 4064 All.
788 4007 947 4080 Egiptum,
962 4009 1120 4080 Egyptum.
1492 4068 1494 4075 ¹

431 4109 467 4178 (5)
486 4106 539 4164 All.
563 4101 768 4161 lherosolimis,
791 4096 1007 4170 Hierosolymis,
1030 4098 1217 4163 lerosolimis,
1240 4091 1440 4175 Hyemeliultt
1491 4090 1494 4151 ἔ

396 4200 515 4253 Nuenar.
529 4211 620 4248 comes
631 4216 636 4244 :
648 4190 855 4261 lerosolymam
867 4187 900 4241 D.
918 4187 1004 4260 bouq.
1018 4185 1212 4258 lerosolymis.
