3000 5272
211 380 272 442 ast
650 383 839 445 KAIIOLUS.

212 539 334 588 mense
345 512 527 601 octobrio,
543 517 636 587 Isaac
646 516 794 588 Judaeus
804 516 849 590 de
860 517 980 590 Africa
992 542 1079 593 cum
1090 517 1281 621 rtemann

211 657 408 733 regressus,
429 637 579 705 Portum
596 632 746 707 Veneris
768 633 941 724 intravit,
964 651 1001 709 et
1022 638 1109 738 quia
1133 654 1282 740 pmptor

212 749 311 822 nives
335 747 441 848 Alpes
461 749 613 823 transire
639 776 715 824 non
737 751 880 850 potuit,
901 751 1075 828 Veroellis
1098 753 1279 831 hiemavit.

212 867 413 964 Imperator
444 866 658 967 Aquisgrani
689 867 824 966 palatio
854 868 979 944 Natale
1011 871 1163 947 Domini
1192 872 1282 949 cele·

215 983 346 1057 beavit.

663 1441 831 1517 Dccctt.

262 1605 400 1680 Ilerena
423 1606 630 1704 imperatrix
655 1603 699 1676 de
726 1605 1042 1707 Constantinopoli
1063 1608 1166 1681 misit
1189 1608 1282 1711 lega-

215 1737 314 1809 tum,
342 1722 492 1795 nomine
517 1722 696 1812 Leonem,
719 1718 961 1821 spatharium,
986 1736 1143 1822 propter
1162 1748 1282 1825 paoem

213 1838 499 1913 confirmandam
511 1839 606 1911 inter
618 1838 776 1911 Francos
791 1854 828 1912 et
843 1838 1003 1913 Graeoos.
1021 1840 1070 1912 Et
1087 1840 1283 1940 imperator

213 1956 368 2028 vicissim
382 1970 532 2056 propter
544 1955 674 2054 ipsum,
688 1953 855 2029 absoluto
872 1954 950 2045 illo,
965 1956 1067 2029 misit
1076 1957 1194 2047 Iesse,
1209 1959 1283 2056 epi-

213 2096 363 2171 scopum
384 2070 681 2160 Ambianensem,
705 2086 742 2145 et
757 2071 1020 2173 Helmgaudum
1037 2074 1095 2173 (1)
1112 2074 1282 2149 comitem

213 2188 588 2288 Constantinopolim,
608 2204 650 2262 ut
663 2214 789 2287 pacem
805 2213 889 2261 cum
903 2214 941 2265 ea
952 2202 1168 2265 statuerent.
1183 2190 1282 2265 Gele-

212 2306 359 2381 hratum
367 2324 420 2381 est
430 2305 559 2380 Pascha
568 2306 782 2407 Aquisgrani
790 2307 936 2407 palatio.
946 2308 1156 2407 Ipsiusanni
1164 2334 1283 2383 mense

209 2424 316 2521 julio,
331 2447 396 2496 xm
407 2421 550 2496 kalend.
562 2423 720 2520 augusti,
733 2422 833 2495 venit
843 2425 938 2495 Isaac
950 2447 1035 2494 cum
1044 2420 1283 2523 elephantoet

214 2542 351 2616 caeteris
362 2540 587 2628 muneribus,
600 2565 683 2639 quae
697 2564 810 2640 aroge
821 2541 1010 2613 Persarum
1017 2540 1126 2612 missa
1136 2554 1240 2628 sunt,
1251 2554 1284 2613 et

215 2658 434 2760 Aquasgrani
444 2657 783 2756 omniaimperatori
791 2656 932 2731 detulit.
941 2654 1285 2757 Nomeneleplnnto

214 2790 291 2850 erat
304 2773 498 2847 abulabaz.
522 2773 662 2847 Ortona
681 2773 806 2846 civitas
831 2774 869 2846 iu
887 2770 986 2846 Italia
1004 2773 1042 2844 in
1062 2770 1284 2849 deditionem

213 2909 369 2993 accepta.
382 2893 531 2966 Luceria
541 2916 687 2992 quoque
695 2891 880 2992 frequenti
894 2888 1085 2964 obsidione
1091 2888 1243 2993 fatigata
1251 2905 1283 2964 et

214 3011 288 3111 ipsa
301 3012 339 3083 in
353 3008 574 3083 deditionem
587 3009 707 3096 venit,
721 3007 1003 3110 praesidiumque
1016 3022 1234 3083 nostrorum
1248 3007 1281 3079 in

212 3154 251 3202 ea
268 3128 442 3228 positum.
467 3128 667 3226 Imperator
688 3127 819 3200 aestatis
843 3141 1007 3225 tempore
1032 3126 1071 3198 in
1089 3124 1282 3200 Arduenna

213 3246 402 3319 venatibus
421 3243 628 3345 indulgens,
648 3245 759 3318 misso
775 3244 814 3316 in
830 3244 1025 3320 saxoniam
1038 3245 1204 3318 exercita
1215 3243 1279 3343 (a),

214 3359 474 3435 transalbianos
485 3361 642 3436 Saxones
653 3360 817 3432 vastavit.
834 3357 1063 3434 Grimoaldus
1072 3412 1083 3446 ,
1097 3364 1281 3434 &neven-

214 3493 384 3551 tanorum
400 3474 494 3563 dux,
515 3479 553 3548 in
571 3476 719 3549 Luceria
735 3475 983 3576 Winigisum,
1000 3475 1175 3549 comitem
1192 3474 1280 3573 Spo-

214 3593 311 3681 tetii,
333 3594 395 3694 qui
422 3593 590 3690 praesidIo
613 3607 787 3691 praeerat,
810 3591 954 3664 adversa
974 3588 1182 3667 valetudine
1199 3588 1279 3663 fati-

249 3925 289 3988 (ι)
308 3919 362 3974 All.
396 3914 620 3991 Helmgondum‚
653 3912 877 3988 Helingaudum,
911 3910 1117 3986 Heligaudum,
1148 3910 1276 3985 Balagai-

214 4008 289 4170 (ωε)
308 4099 350 4153 Ita
370 4098 473 4151 habent
493 4095 632 4150 Fceherus
651 4105 679 4148 et
699 4094 733 4148 D.
754 4093 841 4166 Bouq.
861 4122 896 4134 -
913 4092 995 4146 Perta
1011 4115 1017 4145 t
1040 4094 1126 4148 masso
1141 4092 1274 4148 mma

215 4191 345 4241 exercilu.
