<?xml version="1.0" encoding="UTF-8"?>
<!DOCTYPE html PUBLIC "-//W3C//DTD XHTML 1.0 Transitional//EN"
    "http://www.w3.org/TR/xhtml1/DTD/xhtml1-transitional.dtd">
<html xmlns="http://www.w3.org/1999/xhtml" xml:lang="en" lang="en">
 <head>
  <title>
</title>
<meta http-equiv="Content-Type" content="text/html;charset=utf-8" />
  <meta name='ocr-system' content='tesseract 3.04.00' />
  <meta name='ocr-capabilities' content='ocr_page ocr_carea ocr_par ocr_line ocrx_word'/>
</head>
<body>
  <div class='ocr_page' id='page_1' title='image "./einhardiomniaqu01einhgoog_0227.png"; bbox 0 0 3000 5272; ppageno 0'>
   <div class='ocr_carea' id='block_1_1' title="bbox 212 424 839 485">
    <p class='ocr_par' dir='ltr' id='par_1_1' title="bbox 212 424 839 485">
     <span class='ocr_line' id='line_1_1' title="bbox 212 424 839 485; baseline -0.002 -3"><span class='ocrx_word' id='word_1_1' title='bbox 212 426 271 483; x_wconf 78' lang='lat'>218</span> <span class='ocrx_word' id='word_1_2' title='bbox 651 424 839 485; x_wconf 80' lang='lat' dir='ltr'>KAROLUS.</span> 
     </span>
    </p>
   </div>
   <div class='ocr_carea' id='block_1_2' title="bbox 213 553 1274 746">
    <p class='ocr_par' dir='ltr' id='par_1_2' title="bbox 213 553 1274 746">
     <span class='ocr_line' id='line_1_2' title="bbox 213 553 1274 643; baseline 0.003 -20"><span class='ocrx_word' id='word_1_3' title='bbox 213 568 373 642; x_wconf 86' lang='lat' dir='ltr'>vocatur,</span> <span class='ocrx_word' id='word_1_4' title='bbox 391 556 555 643; x_wconf 84' lang='lat' dir='ltr'>venisset,</span> <span class='ocrx_word' id='word_1_5' title='bbox 576 570 612 628; x_wconf 90' lang='lat' dir='ltr'>et</span> <span class='ocrx_word' id='word_1_6' title='bbox 630 557 723 628; x_wconf 88' lang='lat' dir='ltr'>inea</span> <span class='ocrx_word' id='word_1_7' title='bbox 741 554 960 627; x_wconf 80' lang='lat' dir='ltr'><strong>hiematurus</strong></span> <span class='ocrx_word' id='word_1_8' title='bbox 976 553 1205 643; x_wconf 73' lang='lat' dir='ltr'>consedisset,</span> <span class='ocrx_word' id='word_1_9' title='bbox 1224 553 1274 626; x_wconf 88' lang='lat' dir='ltr'>ihi</span> 
     </span>
     <span class='ocr_line' id='line_1_3' title="bbox 213 669 955 746; baseline 0.003 -5"><span class='ocrx_word' id='word_1_10' title='bbox 213 670 372 744; x_wconf 80' lang='lat' dir='ltr'>Natalem</span> <span class='ocrx_word' id='word_1_11' title='bbox 388 673 535 744; x_wconf 85' lang='lat' dir='ltr'>Domini</span> <span class='ocrx_word' id='word_1_12' title='bbox 553 689 589 746; x_wconf 83' lang='lat' dir='ltr'>et</span> <span class='ocrx_word' id='word_1_13' title='bbox 602 670 731 745; x_wconf 79' lang='lat' dir='ltr'>Pascha</span> <span class='ocrx_word' id='word_1_14' title='bbox 750 669 955 745; x_wconf 85' lang='lat' dir='ltr'>celebravit.</span> 
     </span>
    </p>
   </div>
   <div class='ocr_carea' id='block_1_3' title="bbox 642 1466 845 1539">
    <p class='ocr_par' dir='ltr' id='par_1_3' title="bbox 642 1466 845 1539">
     <span class='ocr_line' id='line_1_4' title="bbox 642 1466 845 1539; baseline 0.005 -3"><span class='ocrx_word' id='word_1_15' title='bbox 642 1466 845 1539; x_wconf 75' lang='lat' dir='ltr'>cccxclt.</span> 
     </span>
    </p>
   </div>
   <div class='ocr_carea' id='block_1_4' title="bbox 206 1626 1277 3709">
    <p class='ocr_par' dir='ltr' id='par_1_4' title="bbox 206 1626 1277 3709">
     <span class='ocr_line' id='line_1_5' title="bbox 260 1626 1277 1729; baseline -0.003 -29"><span class='ocrx_word' id='word_1_16' title='bbox 260 1626 412 1729; x_wconf 83' lang='lat' dir='ltr'>Orgellis</span> <span class='ocrx_word' id='word_1_17' title='bbox 427 1643 481 1700; x_wconf 91' lang='lat' dir='ltr'>est</span> <span class='ocrx_word' id='word_1_18' title='bbox 497 1628 618 1699; x_wconf 86' lang='lat' dir='ltr'>civitas</span> <span class='ocrx_word' id='word_1_19' title='bbox 637 1627 674 1699; x_wconf 91' lang='lat' dir='ltr'>in</span> <span class='ocrx_word' id='word_1_20' title='bbox 688 1628 834 1728; x_wconf 77' lang='lat' dir='ltr'>Pyrinei</span> <span class='ocrx_word' id='word_1_21' title='bbox 859 1628 994 1700; x_wconf 87' lang='lat' dir='ltr'>montis</span> <span class='ocrx_word' id='word_1_22' title='bbox 1005 1629 1096 1727; x_wconf 84' lang='lat' dir='ltr'>jugo</span> <span class='ocrx_word' id='word_1_23' title='bbox 1109 1626 1196 1714; x_wconf 83' lang='lat' dir='ltr'>sita,</span> <span class='ocrx_word' id='word_1_24' title='bbox 1214 1652 1277 1698; x_wconf 89' lang='lat' dir='ltr'>cu·</span> 
     </span>
     <span class='ocr_line' id='line_1_6' title="bbox 206 1740 1277 1844; baseline -0.003 -28"><span class='ocrx_word' id='word_1_25' title='bbox 206 1746 266 1841; x_wconf 89' lang='lat' dir='ltr'>jus</span> <span class='ocrx_word' id='word_1_26' title='bbox 282 1745 468 1844; x_wconf 87' lang='lat' dir='ltr'>episcopus</span> <span class='ocrx_word' id='word_1_27' title='bbox 481 1743 629 1817; x_wconf 89' lang='lat' dir='ltr'>nomine</span> <span class='ocrx_word' id='word_1_28' title='bbox 641 1744 761 1832; x_wconf 85' lang='lat' dir='ltr'>Felix,</span> <span class='ocrx_word' id='word_1_29' title='bbox 778 1743 924 1817; x_wconf 87' lang='lat' dir='ltr'>natione</span> <span class='ocrx_word' id='word_1_30' title='bbox 938 1742 1130 1843; x_wconf 83' lang='lat' dir='ltr'>Hispanus,</span> <span class='ocrx_word' id='word_1_31' title='bbox 1147 1740 1194 1814; x_wconf 89' lang='lat' dir='ltr'>ab</span> <span class='ocrx_word' id='word_1_32' title='bbox 1207 1741 1277 1814; x_wconf 79' lang='lat' dir='ltr'>Eti-</span> 
     </span>
     <span class='ocr_line' id='line_1_7' title="bbox 212 1856 1277 1961; baseline -0.006 -26"><span class='ocrx_word' id='word_1_33' title='bbox 212 1860 351 1961; x_wconf 88' lang='lat' dir='ltr'>pando,</span> <span class='ocrx_word' id='word_1_34' title='bbox 370 1860 492 1935; x_wconf 82' lang='lat' dir='ltr'>Toleti</span> <span class='ocrx_word' id='word_1_35' title='bbox 514 1862 702 1960; x_wconf 88' lang='lat' dir='ltr'>episcopo,</span> <span class='ocrx_word' id='word_1_36' title='bbox 721 1887 787 1961; x_wconf 89' lang='lat' dir='ltr'>per</span> <span class='ocrx_word' id='word_1_37' title='bbox 807 1860 945 1933; x_wconf 75' lang='lat' dir='ltr'>litteras</span> <span class='ocrx_word' id='word_1_38' title='bbox 968 1856 1174 1947; x_wconf 85' lang='lat' dir='ltr'>consultus,</span> <span class='ocrx_word' id='word_1_39' title='bbox 1194 1857 1277 1958; x_wconf 86' lang='lat' dir='ltr'>qnid</span> 
     </span>
     <span class='ocr_line' id='line_1_8' title="bbox 211 1976 1277 2052; baseline -0.001 -2"><span class='ocrx_word' id='word_1_40' title='bbox 211 1976 257 2052; x_wconf 88' lang='lat' dir='ltr'>dc</span> <span class='ocrx_word' id='word_1_41' title='bbox 278 1976 500 2052; x_wconf 81' lang='lat' dir='ltr'>humanitate</span> <span class='ocrx_word' id='word_1_42' title='bbox 523 1979 713 2052; x_wconf 82' lang='lat' dir='ltr'>salvatoris</span> <span class='ocrx_word' id='word_1_43' title='bbox 738 1978 801 2051; x_wconf 92' lang='lat' dir='ltr'>Dei</span> <span class='ocrx_word' id='word_1_44' title='bbox 823 1992 859 2051; x_wconf 90' lang='lat' dir='ltr'>et</span> <span class='ocrx_word' id='word_1_45' title='bbox 881 1976 1028 2049; x_wconf 87' lang='lat' dir='ltr'>Domini</span> <span class='ocrx_word' id='word_1_46' title='bbox 1054 1976 1174 2049; x_wconf 84' lang='lat' dir='ltr'>nostri</span> <span class='ocrx_word' id='word_1_47' title='bbox 1199 1976 1277 2049; x_wconf 80' lang='lat' dir='ltr'>Jesu</span> 
     </span>
     <span class='ocr_line' id='line_1_9' title="bbox 212 2088 1277 2191; baseline -0.003 -26"><span class='ocrx_word' id='word_1_48' title='bbox 212 2092 345 2168; x_wconf 81' lang='lat' dir='ltr'>Christi</span> <span class='ocrx_word' id='word_1_49' title='bbox 372 2096 505 2169; x_wconf 79' lang='lat' dir='ltr'>sentire</span> <span class='ocrx_word' id='word_1_50' title='bbox 536 2093 701 2184; x_wconf 88' lang='lat' dir='ltr'>deberet,</span> <span class='ocrx_word' id='word_1_51' title='bbox 731 2111 856 2166; x_wconf 88' lang='lat' dir='ltr'>utrum</span> <span class='ocrx_word' id='word_1_52' title='bbox 891 2091 1088 2166; x_wconf 86' lang='lat' dir='ltr'>secundum</span> <span class='ocrx_word' id='word_1_53' title='bbox 1118 2090 1156 2162; x_wconf 92' lang='lat' dir='ltr'>id</span> <span class='ocrx_word' id='word_1_54' title='bbox 1183 2088 1277 2191; x_wconf 82' lang='lat' dir='ltr'>quod</span> 
     </span>
     <span class='ocr_line' id='line_1_10' title="bbox 212 2205 1277 2311; baseline -0.004 -29"><span class='ocrx_word' id='word_1_55' title='bbox 212 2208 324 2285; x_wconf 90' lang='lat' dir='ltr'>homo</span> <span class='ocrx_word' id='word_1_56' title='bbox 341 2226 416 2306; x_wconf 86' lang='lat' dir='ltr'>est,</span> <span class='ocrx_word' id='word_1_57' title='bbox 439 2213 609 2311; x_wconf 88' lang='lat' dir='ltr'>proprius</span> <span class='ocrx_word' id='word_1_58' title='bbox 625 2237 671 2284; x_wconf 94' lang='lat' dir='ltr'>an</span> <span class='ocrx_word' id='word_1_59' title='bbox 689 2210 876 2311; x_wconf 88' lang='lat' dir='ltr'>adoptivus</span> <span class='ocrx_word' id='word_1_60' title='bbox 889 2210 953 2282; x_wconf 88' lang='lat' dir='ltr'>Dei</span> <span class='ocrx_word' id='word_1_61' title='bbox 972 2208 1066 2281; x_wconf 83' lang='lat' dir='ltr'>filios</span> <span class='ocrx_word' id='word_1_62' title='bbox 1081 2205 1277 2281; x_wconf 77' lang='lat' dir='ltr'>credendas</span> 
     </span>
     <span class='ocr_line' id='line_1_11' title="bbox 211 2322 1276 2426; baseline -0.005 -26"><span class='ocrx_word' id='word_1_63' title='bbox 211 2342 304 2403; x_wconf 73' lang='lat' dir='ltr'>esset</span> <span class='ocrx_word' id='word_1_64' title='bbox 318 2352 360 2401; x_wconf 84' lang='lat' dir='ltr'>ac</span> <span class='ocrx_word' id='word_1_65' title='bbox 375 2326 547 2401; x_wconf 85' lang='lat' dir='ltr'>dicendus</span> <span class='ocrx_word' id='word_1_66' title='bbox 557 2381 569 2417; x_wconf 89' lang='lat'><strong><em>,</em></strong></span> <span class='ocrx_word' id='word_1_67' title='bbox 590 2327 691 2401; x_wconf 85' lang='lat' dir='ltr'>valde</span> <span class='ocrx_word' id='word_1_68' title='bbox 709 2329 850 2399; x_wconf 86' lang='lat' dir='ltr'>incaute</span> <span class='ocrx_word' id='word_1_69' title='bbox 870 2340 977 2426; x_wconf 88' lang='lat' dir='ltr'>atque</span> <span class='ocrx_word' id='word_1_70' title='bbox 998 2322 1276 2409; x_wconf 67' lang='lat' dir='ltr'>inconsiderantia,</span> 
     </span>
     <span class='ocr_line' id='line_1_12' title="bbox 213 2438 1275 2545; baseline -0.007 -27"><span class='ocrx_word' id='word_1_71' title='bbox 213 2458 250 2518; x_wconf 90' lang='lat' dir='ltr'>ct</span> <span class='ocrx_word' id='word_1_72' title='bbox 274 2458 401 2519; x_wconf 90' lang='lat' dir='ltr'>contra</span> <span class='ocrx_word' id='word_1_73' title='bbox 429 2444 617 2545; x_wconf 85' lang='lat' dir='ltr'>antiquam</span> <span class='ocrx_word' id='word_1_74' title='bbox 649 2442 835 2519; x_wconf 87' lang='lat' dir='ltr'>catholicae</span> <span class='ocrx_word' id='word_1_75' title='bbox 859 2440 1025 2515; x_wconf 82' lang='lat' dir='ltr'>Ecclesiae</span> <span class='ocrx_word' id='word_1_76' title='bbox 1054 2438 1275 2523; x_wconf 86' lang='lat' dir='ltr'>doctrinam,</span> 
     </span>
     <span class='ocr_line' id='line_1_13' title="bbox 209 2555 1276 2660; baseline -0.006 -28"><span class='ocrx_word' id='word_1_77' title='bbox 209 2558 419 2660; x_wconf 84' lang='lat' dir='ltr'>adoptivum</span> <span class='ocrx_word' id='word_1_78' title='bbox 430 2586 507 2637; x_wconf 89' lang='lat' dir='ltr'>non</span> <span class='ocrx_word' id='word_1_79' title='bbox 524 2562 641 2635; x_wconf 86' lang='lat' dir='ltr'>solum</span> <span class='ocrx_word' id='word_1_80' title='bbox 652 2559 917 2660; x_wconf 80' lang='lat' dir='ltr'>pronuntiavit,</span> <span class='ocrx_word' id='word_1_81' title='bbox 931 2559 992 2631; x_wconf 90' lang='lat' dir='ltr'>sed</span> <span class='ocrx_word' id='word_1_82' title='bbox 1008 2557 1119 2630; x_wconf 90' lang='lat' dir='ltr'>etiam</span> <span class='ocrx_word' id='word_1_83' title='bbox 1139 2555 1276 2656; x_wconf 82' lang='lat' dir='ltr'>scriptis</span> 
     </span>
     <span class='ocr_line' id='line_1_14' title="bbox 211 2670 1276 2777; baseline -0.005 -30"><span class='ocrx_word' id='word_1_84' title='bbox 211 2675 255 2747; x_wconf 92' lang='lat' dir='ltr'>ad</span> <span class='ocrx_word' id='word_1_85' title='bbox 266 2692 506 2751; x_wconf 88' lang='lat' dir='ltr'>memoratum</span> <span class='ocrx_word' id='word_1_86' title='bbox 523 2679 731 2777; x_wconf 88' lang='lat' dir='ltr'>episcopum</span> <span class='ocrx_word' id='word_1_87' title='bbox 743 2673 866 2763; x_wconf 86' lang='lat' dir='ltr'>libris,</span> <span class='ocrx_word' id='word_1_88' title='bbox 884 2688 1016 2774; x_wconf 87' lang='lat' dir='ltr'>quanta</span> <span class='ocrx_word' id='word_1_89' title='bbox 1031 2672 1157 2772; x_wconf 88' lang='lat' dir='ltr'>potuit</span> <span class='ocrx_word' id='word_1_90' title='bbox 1175 2670 1276 2772; x_wconf 82' lang='lat' dir='ltr'>perti·</span> 
     </span>
     <span class='ocr_line' id='line_1_15' title="bbox 211 2791 1276 2892; baseline 0 -29"><span class='ocrx_word' id='word_1_91' title='bbox 211 2794 310 2864; x_wconf 89' lang='lat' dir='ltr'>nacia</span> <span class='ocrx_word' id='word_1_92' title='bbox 327 2796 539 2892; x_wconf 85' lang='lat' dir='ltr'>pravitatem</span> <span class='ocrx_word' id='word_1_93' title='bbox 566 2795 778 2868; x_wconf 86' lang='lat' dir='ltr'>intentionis</span> <span class='ocrx_word' id='word_1_94' title='bbox 802 2791 1157 2891; x_wconf 80' lang='lat' dir='ltr'>snae(1)defenderc</span> <span class='ocrx_word' id='word_1_95' title='bbox 1176 2814 1276 2863; x_wconf 79' lang='lat' dir='ltr'>cun·</span> 
     </span>
     <span class='ocr_line' id='line_1_16' title="bbox 211 2909 1274 3009; baseline 0 -29"><span class='ocrx_word' id='word_1_96' title='bbox 211 2910 277 2981; x_wconf 82' lang='lat' dir='ltr'>vit.</span> <span class='ocrx_word' id='word_1_97' title='bbox 299 2910 411 3008; x_wconf 90' lang='lat' dir='ltr'>llujus</span> <span class='ocrx_word' id='word_1_98' title='bbox 427 2913 479 2985; x_wconf 90' lang='lat' dir='ltr'>rei</span> <span class='ocrx_word' id='word_1_99' title='bbox 502 2938 602 2984; x_wconf 86' lang='lat' dir='ltr'>causa</span> <span class='ocrx_word' id='word_1_100' title='bbox 624 2910 753 2985; x_wconf 88' lang='lat' dir='ltr'>ductus</span> <span class='ocrx_word' id='word_1_101' title='bbox 775 2910 818 2982; x_wconf 93' lang='lat' dir='ltr'>ad</span> <span class='ocrx_word' id='word_1_102' title='bbox 839 2911 1012 3009; x_wconf 86' lang='lat' dir='ltr'>palatium</span> <span class='ocrx_word' id='word_1_103' title='bbox 1028 2909 1124 3009; x_wconf 76' lang='lat' dir='ltr'>regis</span> <span class='ocrx_word' id='word_1_104' title='bbox 1137 2952 1189 2966; x_wconf 97' lang='lat'>—</span> <span class='ocrx_word' id='word_1_105' title='bbox 1201 2932 1274 2981; x_wconf 87' lang='lat' dir='ltr'>nan</span> 
     </span>
     <span class='ocr_line' id='line_1_17' title="bbox 211 3024 1273 3127; baseline -0.003 -30"><span class='ocrx_word' id='word_1_106' title='bbox 211 3028 241 3098; x_wconf 87' lang='lat' dir='ltr'>is</span> <span class='ocrx_word' id='word_1_107' title='bbox 265 3028 319 3125; x_wconf 85' lang='lat' dir='ltr'>(a)</span> <span class='ocrx_word' id='word_1_108' title='bbox 349 3042 438 3099; x_wconf 90' lang='lat' dir='ltr'>tunc</span> <span class='ocrx_word' id='word_1_109' title='bbox 460 3027 554 3127; x_wconf 86' lang='lat' dir='ltr'>apud</span> <span class='ocrx_word' id='word_1_110' title='bbox 579 3026 776 3127; x_wconf 82' lang='lat' dir='ltr'>Reginum,</span> <span class='ocrx_word' id='word_1_111' title='bbox 804 3027 975 3126; x_wconf 85' lang='lat' dir='ltr'>Baj0ariae</span> <span class='ocrx_word' id='word_1_112' title='bbox 1005 3025 1214 3111; x_wconf 84' lang='lat' dir='ltr'>civitatem,</span> <span class='ocrx_word' id='word_1_113' title='bbox 1243 3024 1273 3096; x_wconf 92' lang='lat' dir='ltr'>in</span> 
     </span>
     <span class='ocr_line' id='line_1_18' title="bbox 211 3138 1274 3243; baseline -0.002 -30"><span class='ocrx_word' id='word_1_114' title='bbox 211 3166 281 3242; x_wconf 87' lang='lat' dir='ltr'>qna</span> <span class='ocrx_word' id='word_1_115' title='bbox 296 3140 525 3233; x_wconf 85' lang='lat' dir='ltr'>hiemaverat,</span> <span class='ocrx_word' id='word_1_116' title='bbox 540 3139 779 3215; x_wconf 89' lang='lat' dir='ltr'>residebat-</span> <span class='ocrx_word' id='word_1_117' title='bbox 792 3139 854 3213; x_wconf 91' lang='lat' dir='ltr'>ubi</span> <span class='ocrx_word' id='word_1_118' title='bbox 868 3155 1085 3243; x_wconf 81' lang='lat' dir='ltr'>congregato</span> <span class='ocrx_word' id='word_1_119' title='bbox 1098 3138 1274 3240; x_wconf 81' lang='lat' dir='ltr'>episcopo</span> 
     </span>
     <span class='ocr_line' id='line_1_19' title="bbox 211 3248 1273 3348; baseline -0.003 -18"><span class='ocrx_word' id='word_1_120' title='bbox 211 3286 296 3331; x_wconf 89' lang='lat' dir='ltr'>rum</span> <span class='ocrx_word' id='word_1_121' title='bbox 324 3261 480 3334; x_wconf 83' lang='lat' dir='ltr'>concilio</span> <span class='ocrx_word' id='word_1_122' title='bbox 503 3259 644 3332; x_wconf 88' lang='lat' dir='ltr'>auditus</span> <span class='ocrx_word' id='word_1_123' title='bbox 672 3275 744 3346; x_wconf 87' lang='lat' dir='ltr'>est,</span> <span class='ocrx_word' id='word_1_124' title='bbox 772 3275 808 3332; x_wconf 94' lang='lat' dir='ltr'>et</span> <span class='ocrx_word' id='word_1_125' title='bbox 842 3285 973 3333; x_wconf 88' lang='lat' dir='ltr'>errasse</span> <span class='ocrx_word' id='word_1_126' title='bbox 1001 3248 1273 3348; x_wconf 81' lang='lat' dir='ltr'>convictus,ad</span> 
     </span>
     <span class='ocr_line' id='line_1_20' title="bbox 211 3368 1272 3474; baseline -0.004 -26"><span class='ocrx_word' id='word_1_127' title='bbox 211 3378 437 3474; x_wconf 81' lang='lat' dir='ltr'>praesentiam</span> <span class='ocrx_word' id='word_1_128' title='bbox 467 3375 617 3449; x_wconf 79' lang='lat' dir='ltr'>Adriani</span> <span class='ocrx_word' id='word_1_129' title='bbox 646 3375 830 3474; x_wconf 88' lang='lat' dir='ltr'>pontificis</span> <span class='ocrx_word' id='word_1_130' title='bbox 860 3377 1013 3448; x_wconf 84' lang='lat' dir='ltr'>Romam</span> <span class='ocrx_word' id='word_1_131' title='bbox 1045 3373 1200 3460; x_wconf 84' lang='lat' dir='ltr'>missus,</span> <span class='ocrx_word' id='word_1_132' title='bbox 1232 3368 1272 3443; x_wconf 88' lang='lat' dir='ltr'>ihi</span> 
     </span>
     <span class='ocr_line' id='line_1_21' title="bbox 210 3486 1273 3592; baseline -0.007 -27"><span class='ocrx_word' id='word_1_133' title='bbox 210 3490 319 3565; x_wconf 89' lang='lat' dir='ltr'>ctiam</span> <span class='ocrx_word' id='word_1_134' title='bbox 331 3518 454 3564; x_wconf 86' lang='lat' dir='ltr'>coram</span> <span class='ocrx_word' id='word_1_135' title='bbox 471 3493 549 3592; x_wconf 91' lang='lat' dir='ltr'>ipso</span> <span class='ocrx_word' id='word_1_136' title='bbox 566 3495 604 3564; x_wconf 93' lang='lat' dir='ltr'>in</span> <span class='ocrx_word' id='word_1_137' title='bbox 617 3491 760 3566; x_wconf 88' lang='lat' dir='ltr'>basilica</span> <span class='ocrx_word' id='word_1_138' title='bbox 776 3490 870 3565; x_wconf 89' lang='lat' dir='ltr'>beati</span> <span class='ocrx_word' id='word_1_139' title='bbox 888 3490 984 3564; x_wconf 88' lang='lat' dir='ltr'>Petri</span> <span class='ocrx_word' id='word_1_140' title='bbox 1002 3488 1159 3588; x_wconf 79' lang='lat' dir='ltr'>apostoli</span> <span class='ocrx_word' id='word_1_141' title='bbox 1173 3486 1273 3561; x_wconf 76' lang='lat' dir='ltr'>latest·</span> 
     </span>
     <span class='ocr_line' id='line_1_22' title="bbox 210 3600 1270 3709; baseline -0.003 -30"><span class='ocrx_word' id='word_1_142' title='bbox 210 3607 278 3681; x_wconf 89' lang='lat' dir='ltr'>sim</span> <span class='ocrx_word' id='word_1_143' title='bbox 302 3634 402 3681; x_wconf 86' lang='lat' dir='ltr'>suam</span> <span class='ocrx_word' id='word_1_144' title='bbox 429 3608 612 3682; x_wconf 83' lang='lat' dir='ltr'>damnavit</span> <span class='ocrx_word' id='word_1_145' title='bbox 633 3609 689 3707; x_wconf 72' lang='grc' dir='ltr'>(ὅ)</span> <span class='ocrx_word' id='word_1_146' title='bbox 710 3623 818 3709; x_wconf 90' lang='lat' dir='ltr'>atque</span> <span class='ocrx_word' id='word_1_147' title='bbox 838 3604 1030 3680; x_wconf 83' lang='lat' dir='ltr'>abdicavit.</span> <span class='ocrx_word' id='word_1_148' title='bbox 1059 3604 1145 3699; x_wconf 87' lang='lat' dir='ltr'>Quo</span> <span class='ocrx_word' id='word_1_149' title='bbox 1163 3600 1270 3685; x_wconf 66' lang='lat' dir='ltr'>famo,</span> 
     </span>
    </p>
   </div>
   <div class='ocr_carea' id='block_1_5' title="bbox 210 3917 1268 4266">
    <p class='ocr_par' dir='ltr' id='par_1_5' title="bbox 210 3917 1268 4071">
     <span class='ocr_line' id='line_1_23' title="bbox 244 3917 1268 3998; baseline -0.004 -18"><span class='ocrx_word' id='word_1_150' title='bbox 244 3930 285 3995; x_wconf 89' lang='grc' dir='ltr'>(ι)</span> <span class='ocrx_word' id='word_1_151' title='bbox 304 3926 337 3981; x_wconf 90' lang='lat' dir='ltr'>D.</span> <span class='ocrx_word' id='word_1_152' title='bbox 353 3925 441 3998; x_wconf 85' lang='lat' dir='ltr'>Bouq.</span> <span class='ocrx_word' id='word_1_153' title='bbox 455 3944 519 3980; x_wconf 89' lang='lat' dir='ltr'>cum</span> <span class='ocrx_word' id='word_1_154' title='bbox 534 3925 655 3981; x_wconf 84' lang='lat' dir='ltr'>Noenar.</span> <span class='ocrx_word' id='word_1_155' title='bbox 670 3927 771 3980; x_wconf 85' lang='lat' dir='ltr'>comite</span> <span class='ocrx_word' id='word_1_156' title='bbox 787 3949 792 3977; x_wconf 81' lang='lat' dir='ltr'>z</span> <span class='ocrx_word' id='word_1_157' title='bbox 808 3922 1027 3996; x_wconf 61' lang='lat' dir='ltr'>pertinanaciam</span> <span class='ocrx_word' id='word_1_158' title='bbox 1039 3922 1210 3993; x_wconf 72' lang='lat' dir='ltr'>pravitates·</span> <span class='ocrx_word' id='word_1_159' title='bbox 1220 3917 1268 3987; x_wconf 68' lang='grc' dir='ltr'>φὶ·</span> 
     </span>
     <span class='ocr_line' id='line_1_24' title="bbox 210 4019 385 4071; baseline -0.006 -1"><span class='ocrx_word' id='word_1_160' title='bbox 210 4019 302 4071; x_wconf 77' lang='lat' dir='ltr'>aionis</span> <span class='ocrx_word' id='word_1_161' title='bbox 316 4035 385 4069; x_wconf 83' lang='lat' dir='ltr'>suoe.</span> 
     </span>
    </p>

    <p class='ocr_par' dir='ltr' id='par_1_6' title="bbox 245 4105 559 4177">
     <span class='ocr_line' id='line_1_25' title="bbox 245 4105 559 4177; baseline -0.013 -18"><span class='ocrx_word' id='word_1_162' title='bbox 245 4108 283 4175; x_wconf 80' lang='lat' dir='ltr'>(a)</span> <span class='ocrx_word' id='word_1_163' title='bbox 303 4105 408 4159; x_wconf 76' lang='lat' dir='ltr'>Iidem:</span> <span class='ocrx_word' id='word_1_164' title='bbox 425 4109 474 4177; x_wconf 77' lang='lat' dir='ltr'>qui</span> <span class='ocrx_word' id='word_1_165' title='bbox 486 4115 559 4158; x_wconf 79' lang='lat' dir='ltr'>tunc.</span> 
     </span>
    </p>

    <p class='ocr_par' dir='ltr' id='par_1_7' title="bbox 246 4190 640 4266">
     <span class='ocr_line' id='line_1_26' title="bbox 246 4190 640 4266; baseline -0.013 -19"><span class='ocrx_word' id='word_1_166' title='bbox 246 4193 283 4264; x_wconf 74' lang='grc'>,(5)</span> <span class='ocrx_word' id='word_1_167' title='bbox 304 4190 393 4248; x_wconf 66' lang='grc' dir='ltr'>Ιίἀόπι</span> <span class='ocrx_word' id='word_1_168' title='bbox 409 4221 412 4226; x_wconf 95' lang='grc'><em>·</em></span> <span class='ocrx_word' id='word_1_169' title='bbox 430 4195 575 4266; x_wconf 74' lang='lat' dir='ltr'>consessu-5</span> <span class='ocrx_word' id='word_1_170' title='bbox 590 4203 640 4246; x_wconf 81' lang='lat' dir='ltr'>cst.</span> 
     </span>
    </p>
   </div>
   <div class='ocr_carea' id='block_1_6' title="bbox 0 0 1504 5272">
    <p class='ocr_par' dir='ltr' id='par_1_8' title="bbox 0 0 1504 5272">
     <span class='ocr_line' id='line_1_27' title="bbox 0 0 1504 5272; baseline 0 2"><span class='ocrx_word' id='word_1_171' title='bbox 0 0 1504 5272; x_wconf 95' lang='lat' dir='ltr'> </span> 
     </span>
    </p>
   </div>
  </div>
 </body>
</html>
