3000 5272
243 427 298 489 148
678 427 861 490 PlPPlNUS.

241 585 302 631 rex
312 559 518 644 revertitur,
532 573 568 630 et
579 559 615 628 in
625 557 767 630 castello
779 555 1303 658 quoddiciturSels(1)Pasolia

240 672 444 747 celebravit.
473 673 733 772 Assumptaque
756 699 876 746 secum
900 699 1013 746 uxore
1035 688 1144 772 atque
1166 671 1301 745 familia

240 818 300 863 sua
321 793 452 863 iterum
480 791 523 862 ad
549 790 675 864 urbem
699 791 928 864 Santonieam
945 791 1057 865 venit.
1081 791 1302 893 Dimisaaque

240 908 290 979 ibi
309 935 422 981 uxore
439 926 474 981 et
496 907 648 996 familia,
672 935 754 980 cum
778 909 947 980 omnibus
974 910 1085 1009 copiis
1109 909 1154 981 ad
1178 936 1303 1009 petae·

239 1022 422 1122 quendum
447 1022 663 1095 Waisarium
688 1023 815 1096 ducem
845 1025 1006 1095 animum
1029 1023 1209 1111 intendit,
1234 1050 1301 1097 nec

238 1141 338 1237 prius
354 1139 510 1225 destitit,
529 1167 637 1240 quam
657 1157 719 1211 aut
736 1156 877 1238 caperet
907 1156 968 1211 aut
998 1139 1220 1214 interfioeret
1240 1166 1301 1214 re·

238 1256 433 1330 bellantem
450 1257 516 1355 (2).
534 1257 733 1330 Interfecto
747 1259 858 1357 igitur
874 1258 964 1330 duce
980 1258 1159 1332 Waifario
1176 1259 1215 1331 in
1232 1273 1301 1332 tar·

238 1376 369 1449 ritorio
394 1376 642 1474 Petragorico,
666 1374 922 1474 confectoque,
947 1391 989 1446 ut
1009 1373 1074 1446 sibi
1092 1373 1298 1463 videbatur,

238 1491 454 1590 Aquitanico
471 1491 586 1580 hello,
606 1493 779 1563 Santonas
798 1518 958 1564 reversus
975 1507 1040 1563 est.
1059 1492 1225 1591 Cumque
1249 1490 1299 1564 ibi

236 1609 459 1708 aliquantum
471 1610 644 1706 temporis
658 1624 875 1696 moraretur,
890 1607 1103 1708 aegritudine
1113 1607 1296 1682 decubuit.

237 1726 276 1796 ln
294 1725 367 1822 ipsa
382 1741 500 1798 tamen
516 1725 717 1799 valetudine
731 1728 902 1800 Turonos
913 1725 1064 1812 delatus,
1079 1725 1175 1825 apud
1188 1728 1297 1799 sancti

236 1840 383 1912 Martini
394 1842 606 1914 memoriam
620 1843 749 1914 oravit.
770 1841 950 1914 Indecum
961 1841 1005 1913 ad
1016 1841 1169 1915 Parisios
1187 1843 1299 1915 venia·

236 1970 311 2047 set,
326 1981 391 2029 v111
409 1956 480 2028 kal.
500 1955 623 2031 octob.
643 1958 737 2030 diem
755 1956 866 2044 obiit;
889 1960 988 2055 cujus
1003 1982 1133 2054 corpus
1148 1956 1189 2029 in
1204 1955 1299 2029 basi.-

209 2099 217 2251 1
233 2071 301 2143 lica
312 2069 405 2144 beati
416 2073 579 2172 Dionysii
592 2073 761 2173 martyris
771 2071 958 2144 humatum
968 2088 1032 2144 est.
1046 2071 1125 2143 Filii
1138 2074 1295 2170 vero(3)‚

211 2256 214 2261 ,
235 2189 388 2261 Karolus
405 2207 440 2261 et
458 2189 741 2277 Karlomannus,
762 2214 938 2261 consensu
960 2188 1127 2261 omnium
1141 2189 1298 2262 llranoo-

234 2329 317 2375 rum
330 2330 429 2404 reges
447 2304 574 2393 creati,
594 2320 630 2376 et
646 2303 798 2376 Karolus
818 2305 855 2375 in
874 2303 1054 2376 Noviomo
1069 2303 1123 2401 (4)
1136 2303 1295 2387 civitate,

232 2420 497 2494 Karlomannus
517 2422 554 2492 in
578 2421 751 2495 suessona
769 2421 823 2520 (5)
844 2421 994 2521 insignia
1012 2422 1113 2520 regni
1133 2447 1297 2520 suscepe-

235 2554 332 2611 runt.
343 2539 567 2639 Karolusque
579 2538 650 2638 (6),
669 2541 732 2640 qui
746 2543 861 2638 major
873 2554 1062 2631 natuerat,
1077 2537 1296 2640 Aquasgiani

235 2655 439 2754 profectus,
461 2654 510 2727 ibi
529 2656 690 2730 Natalem
707 2657 876 2743 Domini,
905 2671 940 2729 et
961 2656 999 2728 in
1022 2656 1227 2757 Rotomago
1244 2658 1295 2756 (7)

236 2771 377 2847 civitate
393 2771 524 2846 Pascha
542 2771 747 2847 celebravit.

270 3102 309 3171 (1)
328 3099 398 3155 Cod.
413 3099 480 3153 olim
491 3098 630 3165 Beccena„
645 3116 720 3151 nune
732 3096 804 3169 aeg.
818 3097 905 3152 Paria.
919 3094 1006 3171 5924:
1020 3096 1095 3151 Fen.

270 3191 310 3260 (a)
327 3188 362 3243 D.
372 3188 460 3261 Bouq.
472 3196 500 3241 et
511 3195 622 3257 caperet
635 3194 662 3238 et
675 3185 856 3241 rebellantem
868 3204 976 3260 quoque
989 3186 1168 3258 interficeret.

271 3275 309 3348 (3)
327 3278 363 3332 D.
378 3277 533 3350 Bouqfiat
544 3293 612 3329 vero
625 3274 696 3348 ejus.

271 3369 310 3439 (4)
324 3368 359 3423 Ι).
376 3369 463 3441 Bouq.
477 3386 541 3422 cum
554 3365 636 3422 codd.
649 3366 808 3422 Hannover.
822 3374 851 3418 et
868 3362 1028 3420 vindobon.
1047 3380 1096 3418 uo
1108 3372 1139 3419 et
1149 3379 1223 3437 990:
1239 3359 1292 3418 Νο-

238 3475 371 3531 viomago.

272 3545 310 3618 (5)
324 3545 414 3601 Iidem
424 3545 506 3600 codd.
524 3545 665 3599 Suessano
674 3545 793 3598 civitate.
808 3542 843 3597 D.
856 3542 943 3617 Bouq.
960 3542 1121 3598 Suessam.

274 3633 312 3705 (6)
330 3634 366 3690 D.
378 3635 465 3707 Bouq.
479 3633 657 3706 Karolusque
668 3632 861 3706 Aquasgmni.

273 3724 312 3796 (7)
330 3722 376 3777 Sic
385 3722 420 3776 D.
434 3721 521 3794 Bouq.
534 3720 631 3774 Perta:
647 3719 815 3792 Ratumago.

705 4019 837 4031 ..ι-ι-
