3000 5272
213 388 273 445 900
653 384 840 446 KAROLUS.

213 517 279 587 tris
294 514 418 613 positis
435 513 615 602 consedit,
636 514 718 588 inde
733 514 871 589 bellum
886 516 1130 614 gesturus(1),
1140 515 1182 589 ni
1196 541 1275 592 me-

212 647 372 707 moratus
392 630 465 703 dux
482 632 723 706 intentionem
744 631 837 731 regis
861 629 994 704 salubri
1012 631 1168 708 consilio
1182 659 1276 733 prae-

212 749 377 822 venisset.
410 748 502 820 Nam
531 749 655 823 relicta
683 757 904 839 Benevento,
940 776 1023 850 quae
1048 766 1160 850 caput
1184 750 1277 825 illius

212 880 320 939 terrae
337 865 510 958 habetur,
532 867 570 939 in
595 865 804 958 Salernum,
829 866 1046 940 maritimum
1073 866 1275 958 civitatem,

211 984 310 1057 velut
323 984 572 1073 munitiorem,
586 1011 622 1058 se
635 1010 719 1056 cum
728 985 800 1056 suis
814 984 984 1074 contulit,
1000 985 1180 1085 missaque
1190 983 1276 1086 lega·

212 1101 330 1188 tione,
351 1115 524 1203 utrosque
545 1101 639 1174 filios
655 1126 737 1175 suos
762 1103 837 1202 regi
855 1099 1009 1191 obtulit,
1036 1101 1273 1201 promittens,

211 1244 248 1291 se
264 1219 445 1292 adomnia
463 1246 546 1319 quae
572 1220 836 1318 imperarentur
853 1217 1009 1294 libenter
1028 1217 1274 1293 obediturum.

210 1335 318 1434 Cujus
334 1336 500 1435 precibus
516 1364 581 1411 rex
597 1362 779 1426 annuens,
798 1335 910 1409 divini
931 1338 1038 1410 etium
1056 1337 1203 1411 timoris
1218 1360 1277 1410 re-

210 1467 347 1549 spectu,
366 1450 464 1527 bello
481 1451 676 1543 abstinuit,
692 1469 729 1526 et
746 1454 889 1529 minore
902 1452 1002 1527 ducis
1015 1453 1112 1545 titio,
1129 1453 1278 1528 nomine

209 1566 441 1660 Grimoaldo,
474 1568 656 1644 obsidatus
682 1571 792 1671 gratie
811 1572 868 1670 (2)
894 1586 1076 1671 suscepto,
1106 1573 1277 1670 mojorem

210 1685 304 1781 patri
324 1687 476 1759 remisit.
498 1687 649 1784 Accepit
662 1687 809 1786 iusuper
825 1687 996 1786 apopulo
1008 1682 1153 1760 obsides
1164 1683 1279 1767 unde·

211 1801 302 1889 cim,
320 1803 491 1903 misitque
506 1803 661 1901 legatos,
677 1805 740 1903 qui
759 1820 795 1878 et
813 1805 931 1902 ipsum
944 1803 1074 1878 ducem
1083 1818 1122 1878 et
1133 1821 1286 1878 omnem

209 1919 502 1993 Beneventanum
512 1920 688 2019 populum
699 1946 764 2018 per
781 1936 999 1995 sacramenta
1011 1919 1205 1999 firmarent
1216 1920 1276 2018 (ὅ)

210 2034 288 2132 lpse
298 2051 380 2134 post
393 2033 470 2108 baec
487 2063 570 2109 cum
582 2036 705 2136 legatis
718 2038 947 2110 Constantini
959 2037 1208 2136 imperatoris,
1218 2035 1277 2136 qui

209 2165 361 2248 propter
385 2151 578 2250 petendam
599 2151 711 2224 filiam
738 2177 837 2223 suam
865 2150 908 2224 ad
934 2178 971 2225 se
991 2152 1090 2224 missi
1113 2150 1276 2240 sumnt,

211 2263 353 2339 locutus
382 2283 453 2355 est,
490 2282 597 2368 atque
626 2268 696 2339 illis
735 2266 887 2340 dimissis
916 2269 1071 2343 Romam
1097 2291 1275 2353 reversus,

211 2396 375 2455 sanctum
386 2381 552 2457 Paschale
563 2381 696 2458 festum
710 2384 765 2482 (4)
786 2410 913 2485 magna
930 2410 1014 2463 cum
1029 2381 1212 2459 hilaritate
1223 2407 1279 2456 oe·

212 2494 375 2574 lebravit.
420 2524 433 2542 ·

583 2949 900 3025 DCCLXXXVII.

261 3108 353 3179 Cum
366 3133 430 3181 rex
449 3107 566 3181 adbuc
581 3110 707 3182 Romae
721 3124 841 3209 ageret
855 3110 928 3207 (5),
948 3107 1086 3182 Tassilo
1094 3160 1107 3196 ,
1125 3105 1203 3180 dux
1217 3106 1277 3179 Bn-

207 3227 353 3323 joariae,
369 3227 468 3298 misit
477 3226 611 3327 legatos
626 3251 726 3315 suos,
739 3225 881 3300 Arnum
894 3224 1060 3299 videlicet
1072 3225 1278 3325 episcopum

213 3358 250 3416 et
265 3345 468 3418 Hunricum
484 3347 536 3445 (6)
564 3343 754 3435 abbatem,
781 3345 826 3418 ad
841 3343 1041 3417 Adrianum
1056 3368 1209 3443 papam,
1226 3364 1279 3443 pe·

248 3633 259 3702 t
264 3633 286 3702 t)
304 3632 339 3686 D.
349 3632 437 3707 Rouq.
447 3651 512 3688 cum
523 3634 646 3689 Nuenar.
660 3651 733 3687 com.
744 3631 847 3686 bellum
856 3647 1051 3702 aggressurus.

247 3721 287 3792 (a)
304 3721 340 3775 D.
354 3721 441 3794 Bouq.
453 3740 517 3775 cum
531 3721 654 3776 Nueuar.
669 3738 742 3775 oom.
754 3717 861 3775 obstin
874 3717 944 3772 loco.

247 3806 286 3880 (ὅ)
305 3808 358 3864 lid.
373 3810 587 3882 obstringerent.

248 3900 288 3970 (4)
306 3899 359 3954 lid.
372 3910 500 3954 sanctum
509 3898 631 3954 Pascha.

247 3986 288 4060 (5)
305 3989 340 4043 D.
359 3989 448 4063 Bonq.
467 4007 531 4044 cum
550 3989 674 4042 Nuenar.
694 3985 795 4040 comite
808 3993 838 4038 et
851 3981 933 4038 codd.
949 3983 1057 4039 Trerir.
1074 3993 1104 4040 et
1115 3981 1277 4043 vindobon.

217 4096 285 4134 110:
301 4089 382 4135 esset.
396 4079 466 4134 Cod.
481 4077 606 4138 Vindob.
621 4095 675 4151 99⁰
688 4100 693 4128 :
706 4084 891 4147 permaneret.

247 4167 286 4240 (6)
304 4169 358 4226 ΑΙΙ.
374 4169 559 4240 Hunncburn,
573 4167 746 4234 Heinricurn,
762 4164 934 4222 Harnricum.
