3000 5272
209 436 250 497 30
462 432 557 493 Vtra
578 430 726 493 Ktuotl
746 428 1020 492 lustraturus.

211 565 375 639 Italicum
395 563 465 639 hoc
484 562 622 638 bellum
643 564 794 664 sumpsit
811 562 1021 658 exordium,
1039 579 1178 638 etcum
1197 563 1275 639 eine

212 683 476 758 intermissione
495 695 695 783 gereretur,
713 680 807 754 nihil
825 697 945 755 tamen
962 709 1006 756 ex
1027 682 1082 755 his
1104 708 1188 784 quae
1210 681 1277 756 ali-

213 799 294 873 cubi
310 800 364 898 (1)
383 816 487 872 erant
502 797 657 900 gerenda
674 799 879 894 dimissum,
898 815 961 872 aut
974 799 1046 872 ulla
1061 800 1099 872 in
1115 815 1220 900 parte
1231 797 1277 873 ab

212 944 315 1018 aeque
327 941 480 1017 operoso
496 917 692 1013 certamine
709 933 882 990 cessatum
899 931 970 1005 est;
989 942 1073 990 nam
1090 942 1154 991 rex
1162 970 1174 1007 ,
1193 942 1278 993 om-

212 1033 316 1106 nium
335 1033 398 1132 qui
420 1059 480 1104 sua
503 1022 605 1105 aetate
629 1030 796 1130 gentibus
813 1031 1107 1121 dominabantur,
1126 1046 1164 1106 et
1184 1058 1278 1132 pru-

213 1148 333 1222 dentia
355 1149 531 1220 maximus
552 1163 589 1221 et
613 1148 724 1220 animi
749 1147 996 1247 magnitudine
1022 1148 1280 1248 praestantissi-

215 1291 325 1351 mus,
358 1263 451 1337 nihil
481 1265 517 1337 in
552 1262 607 1336 his
636 1290 718 1364 quae
750 1265 807 1338 vel
836 1263 1058 1364 suscipienda
1090 1279 1196 1339 erant
1223 1263 1279 1339 vel

217 1378 442 1482 exequenda,
471 1396 534 1452 ant
561 1394 712 1480 propter
731 1381 784 1478 (α)
813 1379 975 1456 laborem
999 1379 1213 1454 detractavit
1226 1380 1280 1479 (5)

217 1511 279 1568 aut
296 1510 447 1595 propter
457 1494 658 1595 periculum
676 1492 885 1582 exhorruit,
903 1521 1029 1570 verum
1042 1492 1280 1595 unumquod-

217 1637 288 1712 que
304 1609 502 1686 secundum
522 1637 623 1683 suam
644 1610 851 1710 qualitatem
872 1625 909 1685 et
926 1609 1047 1684 subire
1058 1612 1111 1710 (4)
1132 1625 1170 1684 et
1186 1608 1283 1685 ferre

217 1728 365 1819 doctus,
384 1754 451 1803 nec
469 1730 508 1801 in
526 1727 679 1802 adversis
692 1726 834 1818 cedere,
855 1753 923 1802 nec
939 1729 978 1801 in
996 1728 1179 1829 prosperis
1197 1727 1283 1802 false

218 1843 418 1919 blandienti
434 1844 595 1919 fortunae
607 1844 777 1919 adsentiri
792 1845 846 1944 (5)
863 1843 1011 1920 solebat.

270 2081 338 2153 lX.
358 2080 450 2153 Cum
463 2083 560 2154 enim
572 2081 712 2156 assiduo
726 2108 766 2153 ac
777 2107 882 2182 paene
893 2083 1163 2156 continuorum
1175 2082 1285 2156 Saxo-

220 2197 330 2271 nibus
346 2196 445 2271 bello
466 2212 678 2287 certaretur,
698 2198 877 2298 dispositis
898 2225 964 2299 per
986 2224 1144 2300 congrua
1166 2198 1286 2274 conli-

220 2317 371 2391 niorum
401 2315 478 2389 loca
513 2314 712 2415 praesidiis,
749 2317 956 2415 Hispaniam
986 2342 1095 2417 quam
1126 2317 1286 2389 maximo

220 2447 363 2534 poterat
380 2429 463 2506 belli
478 2449 651 2532 apparatu
664 2431 882 2533 adgreditur,
897 2433 1061 2533 saltuque
1077 2433 1224 2534 Pyrinei
1235 2432 1286 2532 (6)

222 2565 410 2651 superato,
429 2548 598 2623 omnihus
613 2576 695 2651 quae
708 2548 842 2623 adierat
855 2549 997 2649 oppidis
1010 2565 1118 2650 atque
1135 2548 1287 2624 castellis

224 2667 263 2740 in
276 2665 496 2740 deditionem
511 2667 682 2765 acceptis,
702 2666 798 2739 salvo
815 2683 852 2740 et
869 2665 1043 2739 incolumi
1057 2666 1112 2764 (7)
1128 2666 1288 2739 exercitu

223 2781 435 2867 revertitur3
456 2798 589 2880 praeter
600 2780 700 2881 quod
717 2782 755 2853 iu
773 2782 851 2879 ipso
869 2781 1013 2882 Pyrinci
1028 2783 1118 2880 jugo
1130 2780 1288 2854 wasco-

226 2897 345 2969 nicam
368 2898 423 2994 (8)
445 2895 631 2995 perfidiam
653 2923 847 2996 parumper
868 2898 906 2970 in
928 2896 1113 2973 redeundo
1135 2896 1289 2999 contigit

226 3012 395 3112 experiri.
410 3012 503 3084 Nam
519 3038 602 3084 cum
618 3013 759 3112 agmine
775 3012 905 3114 longo,
920 3030 963 3085 ut
977 3014 1048 3087 loci
1064 3029 1102 3087 et
1113 3014 1289 3114 augustin·

226 3158 311 3203 rum
327 3132 414 3204 situs
425 3129 675 3230 permittebat,
690 3149 878 3229 porrectus
890 3133 960 3207 iret
976 3133 1166 3222 exercitus,
1184 3132 1289 3206 Wes-

264 3504 304 3574 (ι)
320 3501 411 3558 Codd.
424 3502 525 3569 aliubi,
538 3503 617 3557 olibi.

265 3595 306 3661 (a)
324 3590 532 3647 confloreat.
548 3611 609 3662 per.

262 3676 304 3750 (5)
321 3677 390 3733 Cod.
405 3678 476 3750 neg.
491 3678 577 3732 Paris.
594 3677 662 3744 l6²8
674 3701 680 3731 :
694 3676 855 3732 deentuvit.

264 3769 303 3839 (t)
321 3766 390 3824 cod.
404 3767 527 3821 Floreat.
537 3766 694 3838 subripere;
703 3765 784 3821 codd.
796 3764 959 3823 vindobon.
969 3762 1056 3822 ittet
1066 3783 1115 3820 110
1124 3787 1131 3820 ε
1141 3768 1289 3839 surripere.

265 3853 305 3926 (5)
323 3854 440 3909 Plurimi
455 3853 536 3910 codd.
551 3857 698 3922 assentire,
712 3852 863 3908 adsentire.

265 3945 304 4015 (6)
322 3943 376 4000 All.
392 3944 516 4010 Pirenei,
531 3943 647 4011 Pirinei,
665 3943 789 4011 Perinei,
802 3943 938 4015 Pyrenei,
952 3942 1105 4015 Pyrenaei.

266 4034 306 4106 (7)
324 4033 403 4088 Pern
420 4056 426 4086 :
443 4032 580 4088 incolomi.

266 4124 305 4192 (8)
324 4125 378 4179 Sic.
394 4124 428 4179 D.
445 4123 532 4197 Bouq.
547 4141 612 4177 enm
629 4119 759 4194 plurimis
773 4118 872 4185 codd.;
891 4136 947 4173 uon
962 4118 1032 4174 nulli
1045 4128 1158 4175 autem:
1178 4117 1289 4175 Wesen-

233 4233 325 4283 neum,
345 4215 527 4275 Wusconum.
544 4214 737 4273 Gmeonums
751 4210 830 4265 Petit
847 4233 853 4262 ³
874 4209 1058 4264 Wwom'ssm·
