3000 5272
211 400 271 456 220
647 396 835 458 KAROLUS.

210 527 253 599 ad
270 526 449 600 civitatem
471 553 569 599 suam
580 554 740 601 reversus
756 544 821 601 est.
842 528 936 626 Rege
952 552 1038 600 vero
1056 524 1192 601 ibidem
1208 553 1262 599 aes·

212 659 320 716 tatem
333 661 459 743 agente
468 698 478 732 ‚
500 645 589 716 facta
615 661 668 717 est
683 658 809 717 contra
830 643 932 715 ilium
944 643 1147 743 conjusatio
1162 668 1181 714 a
1194 641 1262 717 fiiio

210 786 275 832 suo
293 764 446 858 majore,
467 764 616 834 nomine
631 761 803 859 Pippino,
820 775 856 833 et
875 757 1094 858 quibusdam
1105 758 1263 845 ancis,

210 875 273 974 qui
295 901 331 947 se
349 873 595 948 crudelitatem
615 875 791 947 Fastradae
810 875 942 973 reginae
964 871 1058 947 ferre
1077 898 1154 947 non
1170 898 1265 973 pone

210 991 454 1064 asseverabant
472 993 528 1088 (ι)
538 1047 548 1079 ,
567 1009 674 1092 atque
694 991 774 1064 ideo
792 993 830 1063 in
849 1016 972 1064 necem
986 991 1077 1089 regis
1092 990 1266 1088 conspin-

209 1122 347 1179 verant.
370 1106 458 1198 Quae
487 1133 569 1178 cum
589 1134 653 1205 per
680 1104 890 1178 Pardulfum
915 1107 970 1204 (a)
997 1098 1266 1207 langohadum

209 1222 346 1295 detecta
360 1222 482 1295 suisset
491 1277 501 1310 ,
516 1225 589 1322 ipse
600 1221 647 1295 ob
658 1224 826 1295 meritum
841 1222 922 1294 fidei
935 1235 1083 1295 servatae
1094 1234 1266 1295 monaste·

209 1341 266 1411 rio
278 1340 396 1410 Sancti
413 1340 575 1440 Dionysii
589 1337 740 1413 donatus
755 1354 820 1425 est,
837 1354 1000 1411 auctores
1012 1363 1099 1411 vero
1112 1342 1267 1438 conjura·

211 1455 318 1528 tionis
334 1471 374 1525 ut
392 1456 442 1528 rei
455 1457 643 1552 majestatis
659 1457 791 1554 partim
809 1454 925 1554 gladio
939 1456 1039 1541 caesi,
1058 1456 1195 1553 partim
1210 1482 1267 1554 pa·

210 1569 334 1642 tibulis
364 1571 543 1669 suspensi,
584 1570 633 1643 ob
672 1570 881 1644 meditatum
918 1571 1029 1644 scelus
1061 1571 1124 1643 tali
1156 1586 1267 1646 morte

210 1688 372 1760 mulctati
391 1703 487 1763 sunt.
508 1689 583 1761 Rex
600 1705 720 1762 autem
737 1705 887 1788 propter
903 1686 1040 1761 beilum
1056 1714 1142 1761 cum
1159 1689 1267 1763 Hunis

209 1824 413 1905 susceptum
436 1813 474 1877 in
489 1805 646 1905 Bajoaria
664 1805 808 1891 sedens,
829 1823 980 1904 pontem
1000 1805 1184 1898 navalem,
1199 1829 1267 1907 qno

211 1922 249 1993 in
267 1921 433 1995 Danubio
448 1921 493 1994 ad
508 1921 544 1994 id
561 1920 696 1994 bellum
718 1937 903 2010 uteretur,
922 1921 1132 2009 aedificavit,
1152 1920 1267 2023 ibique

212 2035 374 2110 Natalem
384 2036 531 2110 Domini
547 2052 584 2109 et
598 2053 762 2109 sanctum
774 2035 904 2110 Pascha
920 2036 1128 2111 celebravit.

632 2704 852 2777 nccxcln.

145 2883 150 2892 ·
259 2865 351 2934 Cum
367 2890 430 2937 rex
448 2863 618 2937 belluma
638 2892 675 2938 se
706 2866 914 2938 inchoatum
942 2865 998 2963 (3)
1025 2862 1207 2937 conficere
1223 2861 1264 2956 (4)

209 2994 356 3076 cuperet
386 2993 422 3050 et
455 2979 678 3052 Pannoniam
710 2981 842 3052 iterum
871 2992 993 3079 petere
1024 2976 1262 3076 disposuisset,

210 3093 356 3165 allatum
378 3111 432 3167 est
458 3094 536 3192 (5),
569 3097 688 3194 copias
715 3122 800 3196 quas
818 3090 1059 3169 Theodericus
1076 3121 1198 3169 comes
1212 3117 1264 3193 pn

213 3210 362 3282 Frisiam
381 3212 435 3308 (6)
454 3209 623 3299 ducebat,
646 3214 682 3284 in
708 3241 798 3314 pago
824 3213 980 3285 Hriustri
1000 3213 1058 3310 (7)
1070 3215 1175 3311 juxta
1194 3209 1264 3285 Wt·

246 3458 285 3527 (t)
303 3456 442 3511 Frelierus
457 3481 462 3510 z
478 3458 650 3512 asserebant.

245 3547 284 3616 (a)
304 3544 346 3599 Id.
360 3545 527 3619 Ardulsum.

244 3633 284 3706 (3)
302 3634 372 3690 Cod.
385 3634 455 3708 neg.
470 3626 536 3689 Par.¹
548 3634 638 3709 5924:
655 3635 850 3691 inchoandum.

245 3725 284 3794 (4)
302 3723 393 3778 codd.
407 3723 568 3779 Vindobon.
586 3744 633 3778 110
645 3736 673 3779 et
683 3744 736 3799 990
752 3750 757 3779 :
771 3729 912 3798 perficere.

245 3810 284 3884 (5)
301 3813 439 3867 Freherus
453 3837 458 3864 z
474 3816 674 3880 constituisset,
688 3815 806 3869 allatum
820 3824 861 3869 est
874 3817 908 3868 ei.
922 3814 957 3868 D.
970 3813 1057 3888 Bouq.
1071 3830 1138 3868 cnm
1155 3811 1262 3869 Now·

210 3904 312 3958 comite
328 3927 332 3956 :
349 3903 527 3969 decrevimt,
541 3907 699 3958 nuntiatum
712 3914 762 3959 est.

247 3993 285 4063 (6)
304 3995 442 4049 Freherns
458 4019 463 4046 :
480 3994 631 4048 Phrisiam.

246 4085 284 4156 (7)
303 4082 357 4136 ΑΙΙ.
384 4083 522 4143 Ηνιαῖςίνί,
547 4083 693 4149 Hiriustri,
720 4082 836 4143 Rinstri.
858 4084 969 4147 Restm,
998 4080 1126 4144 Hriustt',·
1153 4080 1260 4136 Naum«

213 4190 304 4226 comes
317 4183 345 4226 ct
359 4175 391 4226 D.
404 4175 489 4247 Bonq.
503 4172 637 4227 Rhiustri.
