3000 5272
212 465 250 522 tn
464 462 557 522 vtta
579 462 727 522 Kuttout
751 459 1026 521 IMPERATORIS.

211 620 307 668 auno
329 592 553 691 completum
577 608 643 666 est.
669 592 777 686 Quod
800 593 856 691 (ι)
885 591 1009 691 praelia
1034 590 1073 662 in
1096 614 1140 664 eo
1166 604 1280 690 gesta,

211 725 390 807 quantum
412 710 595 809 sanguinis
621 709 774 783 effusum
796 709 861 802 sit,
886 723 1037 782 testatur
1056 732 1167 779 saorra
1185 707 1283 780 omni

213 825 416 902 habitatore
434 829 491 926 (2)
517 829 722 916 Pannonia,
754 843 790 902 et
815 828 916 902 locus
938 827 1073 927 inquo
1101 827 1199 926 regia
1215 829 1284 901 lla·

211 946 296 1044 gani
309 947 365 1044 (3)
379 963 476 1034 erat,
493 948 540 1018 ita
555 945 735 1034 desertus,
753 962 794 1018 ut
806 973 853 1020 ne
865 946 919 1044 (4)
934 945 1126 1045 vestigium
1140 941 1284 1047 quidem

214 1064 253 1135 in
278 1088 322 1135 eo
355 1063 522 1137 bumanae
551 1063 784 1139 habitationis
807 1076 989 1163 appareat.
1020 1062 1114 1135 Tota
1148 1060 1189 1133 in
1220 1057 1284 1134 hoc

213 1175 312 1250 bello
334 1179 528 1253 Hunorum
552 1178 724 1253 nobilitas
744 1180 874 1279 periit,
901 1192 976 1252 tota
998 1175 1113 1277 gloria
1140 1174 1284 1248 decidit.

215 1295 341 1369 Omnis
360 1299 511 1398 pecunia
529 1313 566 1373 et
584 1299 744 1399 congesti
762 1326 805 1372 ex
822 1297 934 1397 longo
951 1311 1116 1394 tempore
1132 1292 1284 1367 thesauri

215 1411 346 1512 direpti
363 1415 418 1512 (5)
436 1432 543 1504 sunt,
563 1442 682 1516 neque
698 1416 815 1488 ullum
833 1414 971 1489 bellum
988 1427 1117 1487 contra
1133 1413 1284 1485 Francos

216 1549 383 1604 exortum
401 1530 557 1606 humana
579 1549 700 1632 potest
716 1533 890 1606 memoria
916 1529 1119 1618 recordari,
1138 1554 1217 1629 quo
1239 1525 1284 1600 illi

217 1649 328 1747 magis
349 1650 453 1723 ditati
482 1665 519 1722 et
541 1650 671 1749 opibus
695 1651 790 1723 aucti
807 1652 893 1723 sint.
918 1648 1061 1747 Quippe
1078 1672 1163 1719 cum
1181 1669 1284 1746 usque

218 1766 257 1837 in
273 1765 309 1837 id
323 1767 496 1865 temporis
514 1794 605 1866 peue
624 1795 796 1867 pauperes
815 1766 1039 1854 viderentur,
1054 1779 1199 1835 tantum
1216 1761 1284 1834 auri

218 1898 255 1957 et
281 1886 421 1983 argenti
450 1886 488 1957 in
514 1887 611 1985 regia
628 1901 836 1985 repertum,
856 1898 914 1961 tot
938 1883 1049 1983 spolia
1073 1881 1233 1981 pretiosa
1254 1880 1284 1977 in

218 2001 353 2100 praeliis
372 2001 532 2094 sublata,
554 2020 597 2075 ut
616 2006 748 2077 merito
771 2003 868 2077 credi
889 2001 1024 2101 possit,
1046 1997 1117 2073 hoc
1136 1999 1284 2071 Francos

218 2119 335 2190 Hunis
352 2121 448 2217 juste
471 2121 666 2220 eripuisse,
689 2118 788 2220 quod
805 2119 902 2191 Huni
918 2119 1019 2217 prius
1035 2117 1113 2189 aliis
1127 2112 1284 2217 gentibus

219 2236 351 2334 injuste
370 2237 597 2335 eripuerunt.
619 2241 700 2311 Duo
719 2253 863 2310 tantum
886 2262 930 2309 ex
946 2231 1160 2335 proceribus
1181 2232 1284 2306 Fran·

206 2378 346 2426 'corum
365 2380 408 2428 eo
430 2353 528 2429 bello
544 2355 752 2454 perierunt,
773 2354 915 2426 AEricus
933 2351 986 2450 (6)
1010 2349 1084 2424 dux
1100 2347 1284 2448 Forojula·

218 2496 288 2541 nus
300 2471 371 2569 (7),
386 2470 423 2542 in
435 2468 609 2543 Liburnia
614 2474 716 2569 juxta
729 2468 974 2541 Tharsaticam
983 2469 1036 2566 (8)
1045 2522 1056 2556 ,
1071 2465 1284 2538 maritimam

220 2587 416 2677 civitatem,
434 2588 571 2660 insidiis
583 2588 1102 2687 oppidanoruminterceptus,
1119 2599 1157 2658 et
1169 2579 1284 2657 Gerol·

218 2703 286 2776 dus
305 2706 357 2802 (9)
370 2708 541 2804 Bajoariae
555 2706 772 2806 preelectus,
787 2705 1044 2793 iuPannonia‚
1066 2729 1153 2777 cum
1169 2714 1284 2778 contra

219 2820 347 2894 Hunos
365 2821 594 2919 praeliaturus
611 2823 724 2894 aciem
746 2822 941 2895 instrueret
957 2822 1052 2919 (10),
1079 2820 1284 2893 incertuma

257 3099 296 3170 (ι)
315 3100 333 3152 i.
348 3117 372 3153 e.
388 3107 470 3172 qitot,¹
485 3096 562 3170 quod
571 3096 677 3151 habent
690 3097 867 3151 vetustissimi
879 3096 961 3151 codd.

256 3191 295 3258 (a)
314 3186 404 3244 Codd.
418 3185 583 3243 vindobon.
597 3183 649 3242 338
662 3196 691 3240 ct
703 3185 851 3241 Zwetlens.
868 3211 873 3239 ε
890 3187 1072 3240 ltabittttione.

257 3277 296 3350 (ὅ)
314 3279 369 3334 ΑΗ.
391 3279 503 3351 Cugerni
507 3322 513 3344 ,
537 3278 642 3350 logan.
657 3278 721 3347 Quo
738 3277 851 3331 nornine
864 3278 1049 3331 Tartarorum
1064 3274 1206 3348 principes
1223 3270 1284 3325 Tur·

223 3371 281 3424 rica
294 3369 390 3441 lingua
405 3368 497 3422 adhuc
510 3367 686 3441 appellantur
705 3341 805 3446 Ulal‘m
825 3369 835 3438 (
842 3366 988 3438 Klrdccin);
1004 3364 1081 3441 quod
1095 3363 1211 3439 quidem
1223 3350 1284 3434 apud

223 3475 273 3511 nos
287 3457 385 3530 gallice
398 3467 577 3529 nuncupatur
592 3480 597 3508 :
615 3456 692 3510 Isau.

258 3548 297 3617 (l)
315 3548 361 3602 Sic
374 3546 409 3599 D.
423 3546 566 3620 Bouquet‚
581 3565 645 3600 cum
659 3544 788 3619 plurimis
800 3543 900 3612 codd.;
914 3543 995 3599 Perta
1011 3567 1016 3597 :
1032 3561 1094 3597 acc.

259 3633 297 3704 (5)
316 3633 388 3689 Cod.
404 3633 582 3688 Florentinus
596 3658 601 3686 ι
617 3632 743 3706 dt'srepti.

259 3723 298 3795 (6)
317 3724 371 3779 All.
396 3725 535 3790 Oelricus,
550 3725 668 3791 Arietis,
686 3725 806 3790 Err'cus,
824 3723 853 3777 E
855 3723 952 3787 ricius,
972 3711 1284 3786 Erict,!1ertcus,tte·

225 3817 294 3880 rico,
310 3813 458 3867 Hearicus.

258 3908 297 3980 (7)
315 3903 386 3959 Cod.
398 3921 474 3957 nunc
487 3901 557 3975 Reg.
570 3902 645 3971 Par„
657 3901 724 3957 olim
739 3901 769 3955 B.
785 3901 823 3955 Μ.
844 3897 911 3954 133:
928 3898 1185 3971 Foroiulianorum.

260 3995 300 4065 (8)
320 3993 375 4048 llll.
400 3992 625 4057 'I'ltrarsaticam,
648 3992 841 4056 Tarsaticam,
862 3989 1018 4042 Tamiram.

260 4086 299 4157 (9)
318 4084 372 4138 All.
392 4084 537 4148 Gemitus,
556 4083 692 4147 Gerulus,
713 4080 867 4146 Gcruldus‚
886 4076 1032 4133 Giruldus.

260 4177 317 4244 (ιο)
335 4175 380 4229 Sic
393 4185 499 4246 septem
512 4173 613 4241 cotltl.;
628 4172 690 4227 cod.
702 4172 773 4245 llcg.
784 4172 870 4226 Puris.
882 4167 968 4236 5354:
982 4176 1156 4224 construeret
1163 4194 1170 4230 ,·
1184 4175 1280 4238 septem

227 4263 316 4317 decim
331 4264 409 4318 codd.
426 4274 552 4319 strueret.
