3000 5272
209 397 271 455 270
649 389 838 453 tractos

211 525 359 597 nomine
383 518 548 608 Abdella,
576 548 658 593 cum
683 521 869 595 monacbis
890 521 936 594 de
959 519 1202 610 Hierusalem,
1221 524 1280 622 qui

210 643 387 742 legatione
411 638 562 712 Thomae
592 639 804 737 patriarchae
834 639 1099 740 fungebantur,
1122 664 1281 742 quotom

211 756 359 829 nomina
371 753 471 826 suere
485 753 660 854 Georgius
670 771 706 827 et
717 754 816 828 Felix
832 753 911 853 [hic
920 753 1098 855 Georgius
1110 770 1166 828 est
1178 752 1283 827 abbas

213 875 250 944 in
265 886 390 944 monte
403 870 554 959 Oliveti,
570 887 606 943 et
619 872 674 942 eui
689 870 805 970 patria
816 871 1008 944 Germania
1021 888 1087 958 est,
1103 872 1169 971 qui
1182 871 1286 973 etiarn

182 986 187 996 '
211 990 366 1089 proprio
378 1003 528 1060 vocatur
543 989 691 1061 nomine
708 986 905 1087 Egibaldus
920 990 936 1085 (
945 988 1007 1087 r)]
1024 989 1069 1059 ad
1089 988 1287 1088 imperato·

213 1132 291 1180 rem
316 1120 578 1203 pervenerunt,
601 1129 753 1177 monera
770 1103 973 1178 deserentes
992 1129 1075 1204 quae
1095 1102 1288 1203 praedicns

215 1247 277 1294 rex
297 1220 505 1318 imperatori
526 1220 694 1306 miserat,
717 1219 753 1291 id
771 1235 825 1292 est
841 1219 1063 1319 papilionem
1079 1236 1118 1293 et
1135 1220 1288 1294 tentoria

217 1339 298 1412 atrii
311 1339 414 1409 mirae
431 1336 690 1438 magnitudinis
702 1354 738 1410 et
751 1335 1055 1437 pulchritudinis;
1074 1352 1184 1411 erant
1197 1338 1291 1411 enim

217 1459 338 1530 omitia
348 1456 494 1542 bissina,
507 1471 577 1527 tam
589 1455 863 1554 tentoriaquam
871 1470 908 1527 et
916 1453 1021 1527 funes
1031 1453 1291 1541 eornm,diver

217 1577 264 1647 sis
283 1574 393 1645 tincta
406 1569 603 1647 coloribus.
619 1571 783 1646 Fuerunt
799 1586 972 1670 praeterea
985 1595 1140 1643 munera
1153 1567 1289 1670 praefati

220 1692 312 1792 regis
328 1688 432 1789 pallia
453 1688 555 1760 sirica
577 1687 691 1760 multa
717 1702 754 1761 et
776 1688 952 1786 preciosa,
978 1704 1016 1760 et
1034 1687 1168 1760 odores
1188 1701 1290 1787 atque

220 1822 402 1907 unguenta
430 1821 466 1877 et
493 1802 716 1892 balsamum
750 1831 895 1878 necnon
921 1820 959 1878 et
986 1802 1223 1904 horologium
1251 1828 1289 1877 ex

220 1922 412 2008 auricalco,
425 1937 501 1995 arte
516 1919 720 1995 mechanica
734 1920 886 1995 mirifice
896 1920 1154 2020 compositum,
1170 1920 1210 1993 in
1222 1944 1290 2019 quo

220 2038 410 2113 duodecim
426 2037 599 2111 horarum
616 2063 740 2109 cursus
761 2036 807 2109 ad
827 2035 1051 2139 clepsydram
1071 2033 1288 2119 vertebatur,

86 2204 100 2233 s
221 2182 305 2228 eum
336 2154 487 2229 totidem
516 2155 617 2228 aereis
646 2154 793 2253 pilulis,
821 2180 904 2255 quae
935 2152 981 2226 ad
1011 2153 1289 2253 completionem

217 2273 396 2348 ‘horarum
409 2269 643 2367 decidebant,
662 2287 699 2344 et
717 2296 799 2342 casu
815 2296 880 2344 suo
896 2269 1099 2368 subjectum
1115 2269 1190 2343 sibi
1206 2270 1291 2342 cim·

219 2388 341 2461 balum
373 2389 507 2461 tinnire
533 2385 737 2474 faciebant,
764 2387 892 2459 additis
920 2388 960 2459 in
984 2385 1113 2461 eodem
1136 2386 1289 2487 ejusdem

223 2507 366 2580 numeri
390 2504 590 2607 equitibus,
609 2507 672 2606 qni
697 2531 762 2604 per
783 2503 975 2578 duodecim
997 2503 1173 2578 fenestras
1194 2528 1290 2578 oom-

223 2622 327 2722 pletis
345 2620 443 2694 horis
461 2619 647 2708 exiebant,
666 2637 703 2694 et
717 2621 875 2720 impulsu
890 2621 1102 2722 egressionis
1119 2646 1201 2693 snae
1212 2620 1289 2695 toti·

222 2740 304 2813 dem
321 2737 512 2826 fenestras,
532 2765 615 2840 quae
632 2740 733 2838 prius
754 2754 858 2812 eraut
879 2754 1035 2838 apertae,
1054 2736 1287 2824 claudebant5

224 2882 366 2930 rtecrron
378 2871 415 2927 et
427 2856 492 2928 alia
504 2855 616 2928 multa
629 2873 732 2929 erant
745 2858 783 2930 in
797 2858 875 2957 ipso
886 2856 1091 2956 horologio,
1103 2878 1288 2957 quaenunc

223 2997 436 3045 enumerare
453 2971 602 3072 longum
620 2987 685 3044 est.
706 2972 869 3045 Fuerunt
889 2987 1062 3072 praeterea
1081 2971 1181 3044 inter
1198 2995 1288 3069 pro·

224 3086 319 3160 dicta
332 3112 480 3160 munera
493 3085 702 3159 candelabra
713 3086 786 3161 duo
798 3115 841 3161 ex
853 3087 1030 3160 auricalco
1043 3085 1149 3160 mirae
1159 3083 1288 3186 magni·

226 3203 361 3276 tudinis
377 3219 411 3276 et
429 3205 673 3302 proceritatis3
691 3231 773 3305 qnae
790 3205 912 3278 omnia
931 3204 969 3277 in
985 3201 1146 3302 Aquensi
1163 3199 1289 3301 palatio

226 3320 270 3392 ad
298 3321 552 3419 imperatorem
579 3320 693 3393 delata
722 3337 820 3394 sunt.
849 3323 1049 3420 Imperator
1078 3319 1239 3419 legatum
1259 3330 1290 3389 et

226 3435 421 3510 monachos
438 3464 503 3535 per
519 3436 745 3537 aliquantum
763 3454 904 3537 tempus
920 3462 1040 3511 secum
1058 3436 1242 3523 retinens,
1257 3433 1288 3505 in

227 3554 367 3628 ltaliam
384 3555 535 3644 direxit,
556 3571 662 3657 atque
680 3554 729 3628 ibi
748 3583 808 3631 eos
826 3572 966 3655 tempus
983 3554 1225 3654 navigationis
1239 3578 1290 3627 ex·

227 3690 369 3772 pectare
381 3673 508 3771 jussit;
528 3673 725 3774 eodemque
742 3700 839 3749 antro
856 3669 1105 3746 Burcbardum
1125 3670 1290 3764 comitem

227 3789 355 3862 stabuli
382 3793 433 3862 sui
461 3818 544 3862 cum
569 3791 676 3864 classe
699 3792 798 3863 misit
822 3793 860 3862 in
884 3790 1085 3874 Corsicam,
1111 3803 1156 3859 ut
1179 3811 1290 3863 osma

632 3944 1290 3991 -Q———d

261 4072 270 4138 (
276 4074 298 4139 r)
318 4070 371 4125 All.
387 4071 416 4124 E
417 4070 578 4143 gelboldus,
590 4071 800 4143 Engelbaldus.
811 4103 841 4113 —-
852 4073 944 4127 Voces
955 4071 1044 4126 bic...
1056 4069 1230 4143 Eglboldos,
1243 4085 1288 4122 ott·

226 4158 295 4213 cinis
308 4160 431 4227 inclusae,
445 4179 478 4214 ex
493 4160 591 4215 Annal.
608 4163 725 4215 lauriss.
739 4161 889 4234 desumptae
903 4171 978 4215 sunt.
