3000 5272
211 433 272 496 204
651 432 836 493 KAROLUS.

211 564 484 664 Bajoariam(1)
514 576 635 662 petere
661 563 859 639 constituit.
889 562 1052 664 Cumque
1081 562 1278 663 Pippinum

211 681 328 754 filium
346 707 429 752 cum
445 678 574 751 Italicis
594 681 705 779 copiis
728 681 766 752 in
795 677 1052 754 Tredentinam
1067 678 1201 754 vallem
1218 706 1279 754 ve·

212 799 292 872 nire
304 797 481 896 jussisset,
502 795 691 869 orientales
717 821 863 896 quoque
884 796 1013 868 Franci
1035 823 1078 869 ao
1101 798 1278 887 saxones,

211 928 255 985 ut
262 913 349 1009 jussi
365 912 509 984 fuerant
518 964 530 1000 ,
543 911 587 983 ad
603 908 809 983 Danubium
823 912 861 983 in
872 912 953 985 loco
968 912 1031 1012 qui
1043 911 1212 1014 Pleringa
1223 913 1278 1010 (2)

214 1045 363 1103 vocatur
383 1027 608 1100 accessissent
619 1081 629 1114 ,
654 1028 728 1126 ipse
754 1054 836 1099 cum
853 1028 1013 1101 exercitu
1028 1054 1140 1128 quem
1159 1052 1277 1102 secum

212 1144 383 1233 duxerat,
403 1168 509 1243 super
537 1141 696 1218 Lechum
721 1142 891 1233 fluvium,
920 1146 983 1245 qui
999 1130 1221 1220 Alamannos
1244 1158 1279 1218 et

212 1261 393 1360 Bajoarios
409 1260 536 1334 dividit
557 1262 631 1361 (5),
652 1263 690 1335 in
712 1261 881 1362 Augustae
902 1263 1054 1341 civitatis
1071 1261 1279 1337 suburbano

215 1378 396 1465 consedit,
416 1378 500 1452 inde
517 1379 714 1478 Bajoariam
733 1405 815 1452 cum
844 1394 917 1452 tam
933 1379 1047 1453 valida
1060 1404 1176 1452 manu
1195 1404 1277 1479 pro·

215 1492 274 1566 cul
290 1492 402 1566 dubio
416 1493 614 1592 petiturus,
627 1494 695 1566 nisi
714 1494 850 1568 Tassilo
860 1493 928 1567 sibi
942 1522 982 1567 ac
999 1495 1137 1596 populo
1154 1520 1222 1567 suo
1238 1493 1282 1566 ad

213 1634 336 1709 regem
356 1609 536 1683 veniendo
562 1610 777 1685 consuleret.
801 1610 893 1684 Nam
917 1609 1041 1684 videns
1065 1636 1103 1685 se
1119 1610 1281 1711 undique

215 1726 502 1816 circumsessum,
521 1729 621 1800 venit
637 1728 806 1827 supplex,
818 1726 1063 1801 acueniamde
1078 1742 1166 1801 ante
1179 1726 1281 1826 gestis

214 1843 282 1917 sibi
298 1845 374 1917 dari
399 1843 605 1944 deprecatus
627 1862 691 1918 est.
711 1843 780 1918 Sed
795 1861 831 1919 et
846 1872 929 1934 rex,
949 1845 1042 1918 sicut
1056 1858 1137 1919 erut
1154 1858 1281 1921 natan

213 1959 441 2048 mitissimus,
461 1959 612 2058 supplici
628 1986 669 2032 ac
689 1959 893 2058 deprecanti
910 1959 1092 2061 pepercit,
1109 1950 1280 2058 acceptis·

214 2102 285 2176 que
296 2076 342 2148 ab
357 2103 419 2165 eo,
433 2095 568 2175 praeter
583 2077 700 2150 filium
716 2080 790 2177 ejus
807 2077 1064 2165 Theodonem,
1083 2075 1180 2167 aliis,
1192 2098 1279 2178 quot

214 2193 289 2294 ipse
318 2195 506 2293 imperavit
531 2195 606 2293 (4),
639 2193 827 2268 duodecim
852 2192 1053 2282 obsidibus,
1081 2208 1118 2267 et
1145 2192 1280 2294 populo

213 2326 321 2385 terrae
338 2337 404 2411 per
420 2328 637 2386 sacramenta
658 2312 821 2402 firmato,
851 2313 890 2384 in
911 2311 1097 2384 Franciam
1120 2336 1279 2386 reversus

214 2441 280 2500 est.
311 2428 360 2500 Et
389 2428 427 2500 in
457 2425 666 2501 suburbano
692 2428 999 2528 Mogontiacum,
1024 2427 1063 2499 in
1093 2424 1278 2528 villaque

215 2559 364 2618 vocatur
384 2542 598 2643 lngelheim,
625 2545 708 2645 quia
731 2543 782 2617 ibi
800 2544 1033 2632 hiemaverat,
1058 2558 1096 2616 et
1117 2542 1277 2618 Natalem

216 2659 362 2734 Domini
374 2675 411 2734 et
419 2658 550 2734 Pascha
560 2659 767 2736 celebravit.

578 2875 913 2952 uccuxxxvffl.

265 3033 358 3106 Cum
374 3035 411 3105 in
431 3033 553 3106 eadem
566 3033 651 3106 villa
669 3035 872 3135 generalem
890 3035 1016 3135 populi
1039 3036 1093 3109 sui
1113 3062 1183 3112 rex
1200 3061 1280 3111 oon-

216 3166 367 3224 ventum
383 3149 461 3224 lieri
478 3149 709 3243 decrevisset,
727 3176 766 3222 ac
784 3150 1006 3226 Tassilonem
1021 3150 1174 3244 ducem,
1194 3154 1279 3227 sicut

217 3280 254 3341 et
272 3282 419 3341 caeteros
436 3293 551 3340 russos
564 3292 667 3356 suos,
684 3268 722 3339 iu
739 3264 864 3341 eodem
881 3266 1200 3345 conventti'adcesc
1212 3272 1279 3369 jus·

217 3383 334 3472 sisset,
359 3398 467 3483 atque
494 3382 574 3473 ille,
598 3397 641 3454 ut
665 3383 696 3456 ei
725 3382 843 3456 fuerat
863 3384 1098 3482 imperatum,
1125 3382 1171 3458 ad
1195 3378 1280 3485 r'e'gis

252 3685 290 3756 (1)
308 3683 430 3738 Nucnar.
451 3700 542 3740 comes
561 3693 590 3739 et
608 3683 643 3739 D.
665 3683 753 3758 Bouq.
777 3682 941 3756 Baioanum
960 3691 1045 3756 atque
1066 3684 1161 3755 ipsum
1189 3683 1275 3739 Tassi-

218 3773 365 3933 hildilid
380 3862 518 3935 Feringa,
534 3861 693 3934 Pjetringa.

251 3951 291 4025 (3)
309 3955 352 4008 lta
361 3953 446 4009 habet
458 3953 493 4007 D.
505 3952 594 4026 Bouq.
608 3971 672 4007 eum
682 3950 804 4006 Nueuar.
815 3951 918 4005 comite
928 3948 1025 4007 etcod.
1037 3946 1272 4011 dmin-reru

219 4062 283 4099 cum
297 4046 400 4101 ceteris
411 4043 493 4100 codd.
507 4043 621 4098 dirimit.

254 4136 293 4205 (l)
315 4138 388 4209 Quos
405 4140 463 4209 ipsc
484 4138 627 4207 imperavit
648 4132 724 4188 deest
747 4130 821 4205 apud
840 4132 873 4187 D.
897 4130 1176 4207 13<>11({,et1tue„„·⁸
1199 4122 1270 4183 0025.

222 4232 285 4275 tcm.
