3000 5272
388 375 448 436 392
774 368 1057 429 HLUDOWlCUS.

386 501 567 577 Michaelis
580 501 804 600 imperatoris
816 500 860 573 de
872 500 1191 600 Constantinopoli
1203 498 1249 573 atl
1264 502 1447 601 imperato·

388 646 466 694 rem
489 620 589 718 quasi
606 633 756 717 propter
777 616 897 690 foedus
921 616 1213 692 confirmandum
1232 618 1359 709 missi,
1381 645 1449 721 sep-

389 734 545 810 tembrio
578 761 701 809 mense
736 733 1001 833 Compendium
1030 750 1239 827 venerunt,
1278 760 1374 837 quos
1401 738 1450 814 ille

391 851 440 923 ibi
459 852 515 948 (1)
532 849 688 950 benigne
705 866 867 949 receptos
887 847 937 922 ihi
955 866 993 923 et
1007 850 1144 922 audivit
1160 865 1198 924 et
1215 850 1378 925 absolvit
1392 853 1448 951 (a).

388 972 549 1069 Corpora
565 967 853 1043 beatissimorum
867 984 1071 1069 martyrum
1087 968 1303 1042 Marcellini
1316 984 1355 1043 et
1368 970 1450 1043 Petri

389 1086 434 1160 de
444 1087 557 1159 Roma
571 1081 721 1173 sublata,
736 1100 773 1158 et
781 1083 948 1159 octobrio
959 1110 1081 1158 mense
1093 1085 1132 1157 in
1144 1085 1344 1158 Franciam
1355 1100 1452 1159 tram·

391 1203 481 1291 lata,
501 1216 539 1273 et
563 1198 612 1271 ibi
636 1199 759 1272 multis
785 1201 893 1300 signis
919 1217 1027 1300 atque
1047 1199 1249 1273 virtutibus
1275 1198 1451 1275 ctarifinn

391 1333 489 1390 sunt.

780 1876 1071 1952 DCCCXXVlll.

443 2039 654 2113 Conventus
678 2036 892 2137 Aquisgrani
922 2062 1043 2110 mense
1068 2036 1163 2110 febr.
1191 2038 1315 2111 factus
1336 2055 1406 2127 est,
1425 2038 1453 2111 in

395 2181 470 2256 quo
492 2180 575 2226 cum
593 2153 636 2226 de
654 2154 778 2225 multis
795 2153 873 2224 aliis
890 2155 1020 2244 causis,
1042 2171 1120 2227 turn
1137 2156 1330 2257 praeoiptte
1344 2156 1389 2231 de
1403 2156 1454 2242 iis,

395 2298 478 2372 quae
495 2272 533 2343 in
547 2295 665 2342 marca
682 2271 873 2370 Hispanica
889 2271 1142 2372 contigerunt,
1157 2272 1258 2347 ratio
1274 2270 1414 2363 habita,
1428 2288 1457 2345 ot

397 2389 500 2489 legati
529 2389 592 2488 qui
618 2389 788 2461 exercitui
810 2404 993 2487 praeerant
1018 2388 1215 2489 culpabiles
1244 2390 1458 2479 inventi,et

392 2510 493 2605 juxta
519 2507 647 2579 merita
673 2533 734 2578 sua
763 2505 945 2579 honorum
974 2506 1164 2582 amissione
1193 2508 1350 2582 multati
1375 2522 1457 2581 ιιι

396 2624 571 2697 Similiter
586 2638 623 2696 et
634 2622 837 2696 Baldericus
846 2678 858 2711 ‚
876 2622 948 2696 dux
960 2624 1219 2724 Forojuliensis
1228 2679 1242 2714 ‚
1259 2650 1350 2699 oum
1363 2650 1460 2727 prop·

398 2757 454 2816 ter
470 2745 544 2840 ejus
565 2740 742 2840 ignaviam
760 2740 1000 2840 Bulgarorum
1019 2743 1197 2815 exercitus
1215 2742 1400 2817 terminos
1417 2742 1461 2841 (5)

399 2857 596 2929 Pannoniae
630 2855 825 2954 superioris
860 2856 1008 2955 impune
1042 2870 1238 2949 vastasset,
1272 2854 1463 2933 honoribus

399 2998 490 3073 quos
512 2969 664 3044 habebat
687 2973 866 3071 privatus,
887 2987 924 3045 et
940 2998 1080 3062 marca,
1107 2998 1221 3072 quam
1245 2972 1350 3047 solus
1374 2988 1464 3049 tene-

399 3087 463 3161 bat
478 3087 551 3184 (A),
572 3087 668 3159 inter
685 3102 842 3185 quatuor
860 3089 1009 3162 comites
1030 3087 1140 3161 divisa
1157 3102 1229 3162 est.
1257 3090 1464 3222 Halitgarinp

400 3203 661 3277 Cameraoensis
678 3204 865 3303 episcopus
878 3220 916 3278 et
931 3205 1122 3278 ansfridus
1135 3204 1251 3281 abbas
1264 3205 1463 3283 monaterii

401 3321 621 3395 Nonantulae
650 3321 1004 3421 Constantinopolim
1031 3323 1151 3412 missi,
1182 3338 1223 3399 et
1254 3352 1276 3397 a
1304 3322 1465 3399 lffichsele

403 3441 638 3537 imperatore,
657 3445 749 3511 siout
762 3440 827 3538 ipsi
846 3438 929 3514 inde
941 3441 1074 3514 reversi
1090 3441 1307 3518 retulerunt
1319 3444 1397 3545 (5),
1409 3442 1465 3517 lo-

437 3706 475 3776 (r)
494 3704 616 3758 Nuenar.
628 3721 699 3757 com.
714 3713 742 3758 et
755 3704 789 3758 D.
804 3703 891 3777 Bouq.
905 3723 976 3776 quos
987 3707 1139 3775 imperator
1151 3704 1288 3781 benigne.

435 3797 475 3866 (a)
493 3796 546 3849 Hic
558 3793 682 3868 quadam
699 3794 790 3848 adhuc
807 3793 956 3867 interpolat
970 3794 1109 3852 Freherns
1124 3812 1160 3851 ex
1173 3794 1236 3853 vit·
1252 3796 1414 3855 illudowici
1425 3812 1462 3851 ea·

402 3890 528 4045 millii)
544 3974 629 4045 Bouq.
641 3992 705 4026 curn
719 3972 840 4028 Nuenar.
857 3975 951 4028 comit.
967 3973 1172 4047 Balgart'jines
1184 3975 1361 4033 Pannoniae.

439 4066 614 4169 (4)(ὶιιαιιιι
605 4073 659 4114 nt
678 4061 753 4115 deest
767 4063 841 4134 apud
854 4062 975 4118 eosdem.

440 4153 619 4219 (5)8ιιι.ιι....ι
647 4154 800 4206 retulerint
815 4152 889 4207 tlcest
902 4172 947 4225 ap
961 4152 1080 4207 eosdem
