3000 5272
391 412 430 469 82
642 404 736 466 vm
757 402 903 464 Ktttott
925 402 1199 467 memnonis,

389 536 497 613 conda
504 534 1455 638 grammaticaPenumPisanum(1),diaconum,senem

388 654 545 743 audivit,
567 653 605 726 in
627 651 767 727 caeteris
781 649 979 750 disciplinis
997 650 1189 742 Albinum,
1209 671 1453 755 cognomento

387 769 582 844 Alcoinum
598 767 671 867 (a),
692 767 778 839 item
794 764 1006 855 diaconum,
1024 766 1069 840 de
1085 768 1243 840 Britania
1251 821 1263 858 ,
1283 771 1450 845 Saxonici

387 887 527 987 generis
545 883 751 976 hominem,
772 883 891 954 virum
913 881 1163 985 undecumque
1178 884 1447 978 doctissimum,

386 1016 642 1102 praeceptorem
660 997 805 1086 habuit3
826 997 920 1098 apud
936 1024 1045 1099 quem
1062 1013 1098 1072 et
1113 998 1307 1078 rhetoricoe
1320 1017 1360 1077 et
1374 1004 1450 1077 dia·

387 1119 545 1210 lecticae,
560 1117 740 1217 praecipue
760 1130 877 1188 tamen
895 1117 1129 1192 astronomiae
1147 1117 1361 1210 ediscendae,
1375 1122 1449 1221 plu·

386 1235 523 1306 nimum
537 1246 575 1305 et
592 1231 764 1330 temporis
781 1243 817 1304 et
836 1229 969 1303 laboris
984 1230 1196 1330 impertivit.
1215 1233 1384 1310 Discebat
1397 1264 1449 1309 an

386 1367 459 1426 tem
467 1348 965 1449 computandi‚etintcntione
973 1349 1084 1448 sagaci
1092 1350 1261 1451 syderum
1268 1357 1447 1452 eumuna)

386 1469 623 1542 curiosissime
640 1463 852 1538 rimabatur.
869 1466 1085 1564 Temptabat
1103 1483 1139 1541 et
1156 1465 1327 1558 scribere,
1351 1470 1448 1544 tabu·

386 1584 507 1684 lasque
520 1598 556 1657 et
570 1580 754 1655 codicillos
769 1581 823 1678 (Δ)
836 1577 880 1651 ad
894 1578 962 1653 hoc
977 1581 1015 1653 in
1028 1580 1123 1656 lecto
1136 1581 1204 1655 sub
1215 1585 1448 1659 cervicalibus

384 1697 617 1772 circumferre
634 1694 790 1783 solebat,
815 1710 876 1785 ut,
895 1721 979 1767 cum
1001 1722 1154 1769 vacuum
1176 1714 1317 1799 tempus
1337 1719 1444 1790 esset,

383 1840 533 1888 manum
550 1811 680 1885 litteris
698 1810 904 1910 effingendis
917 1811 973 1909 (5)
990 1829 1222 1903 assuesceret3
1243 1815 1305 1888 scd
1321 1844 1446 1916 pamm

385 1928 551 2004 successit
569 1925 672 2000 labor
687 1942 927 2025 praeposterus
945 1953 986 1999 ac
1002 1953 1082 2002 sero
1097 1928 1299 2005 inchoatus.

432 2161 572 2238 xxvl.
601 2159 827 2259 Religionem
843 2160 896 2258 (6)
909 2158 1161 2254 christianam,
1176 2189 1249 2263 qua
1266 2162 1313 2238 ab
1330 2165 1447 2240 infan-

385 2281 433 2354 tia
454 2278 573 2353 suerat
600 2273 782 2367 imbutus,
810 2275 1029 2351 sanctissime
1053 2278 1108 2378 (7)
1136 2295 1282 2354 etcum
1310 2309 1446 2357 summa

383 2398 516 2498 pietate
531 2393 667 2483 coluit,
682 2418 723 2467 ac
742 2405 892 2492 propter
909 2391 977 2467 hoc
988 2394 1156 2493 plurimae
1170 2397 1447 2497 pulchritudinis

381 2513 566 2588 basilicam
582 2510 795 2611 Aquisgmni
813 2509 989 2600 extruxit,
1007 2538 1169 2613 auroque
1190 2530 1227 2588 et
1243 2533 1398 2616 argento
1413 2533 1447 2591 et

384 2626 621 2704 luminaribus
648 2642 756 2727 atque
780 2653 824 2700 ex
853 2653 924 2701 aere
950 2627 1066 2703 solido
1091 2629 1256 2704 cancellis
1280 2646 1318 2707 et
1330 2634 1447 2731 januis

385 2744 586 2818 adornavit.
600 2741 657 2815 Ad
666 2745 764 2840 cujus
775 2757 1008 2832 structuram,
1024 2770 1108 2818 cum
1117 2745 1302 2820 columnas
1313 2764 1447 2822 etman

386 2883 488 2930 mora
499 2855 642 2929 aliunde
652 2854 783 2929 habero
793 2881 869 2930 non
881 2872 1017 2954 posset,
1030 2860 1145 2933 Roma
1156 2875 1264 2962 atque
1279 2863 1446 2939 Ravenna

386 2971 589 3050 devehenda
603 2971 753 3045 curavit.
767 2972 963 3047 Ecclesiam
975 2990 1012 3049 et
1023 3001 1129 3051 mane
1141 2993 1178 3055 et
1186 3005 1348 3078 vespere,
1363 2981 1445 3055 item

420 3294 459 3364 (ι)
477 3286 546 3343 Cod.
560 3282 734 3357 Guelferbyt.
750 3280 797 3340 152
809 3309 816 3339 z
828 3282 944 3341 Petrum
953 3284 1094 3345 Puerum.

419 3382 459 3452 (a)
477 3377 532 3434 llll.
547 3376 713 3442 Alcut'num,
728 3375 909 3432 Alcuuinum.

420 3468 460 3542 (3)
478 3467 552 3524 ocio
564 3465 647 3522 codd.
659 3483 781 3521 cursum·

419 3560 459 3631 (l)
477 3558 519 3611 lta
532 3555 617 3610 habet
628 3555 750 3610 Nueuar.
767 3570 872 3621 comes,
887 3573 952 3609 cum
964 3573 1021 3611 nou
1035 3554 1119 3614 nullis
1130 3555 1225 3624 codd-5
1244 3557 1336 3614 Perta.
1353 3568 1443 3616 anm

383 3658 413 3708 et
424 3648 459 3704 Ι).
474 3648 560 3719 Bouq.
572 3643 728 3700 codicellos.

419 3735 458 3810 (5)
476 3738 518 3792 lta
530 3735 597 3807 legit
614 3733 752 3799 peruius,
767 3751 831 3788 cum
844 3732 925 3790 codd.
945 3733 1110 3804 Bodleiano,
1129 3737 1300 3806 Hannoni..
1319 3738 1445 3796 Goliam.

384 3829 505 3893 Monac,
520 3821 647 3896 Lugdun-
663 3832 692 3877 et
708 3821 871 3880 Vindobon.
889 3822 937 3898 178
950 3833 979 3877 et
999 3841 1056 3879 ιιο.
1077 3824 1141 3880 Non
1158 3825 1227 3882 nolli
1245 3824 1328 3883 codd.
1344 3827 1447 3885 balim

382 3915 552 3995 ffgtmdis;
573 3912 686 3987 plurimi
700 3911 875 3989 effigiatum
890 3914 970 3968 sicet
984 3913 1018 3967 D.
1039 3913 1126 3989 Bouq.
1146 3933 1210 3972 cum
1230 3918 1322 3975 annal.
1338 3919 1445 3976 Meua·

383 4009 468 4063 sibus.

418 4095 457 4166 (6)
475 4095 520 4150 Cl.
534 4094 609 4147 Suet.
624 4092 697 4162 Aug.
711 4108 737 4142 c.
751 4107 800 4161 90,
816 4087 859 4162 93.

416 4187 457 4258 {7}
473 4185 542 4239 Cod.
560 4180 721 4237 Vindobon.
736 4178 788 4252 667
805 4204 809 4231 :
825 4181 1000 4232 sanctissima
1015 4189 1041 4233 ct
1055 4200 1171 4236 suntme.
