3000 5272
209 408 268 470 152
452 409 630 471 motus
650 408 701 469 ET
723 408 1023 471 KARLOMANNUS.

209 565 432 642 gressupum,
451 567 558 641 quam
583 541 680 614 illius
703 537 957 614 inobedientiae
979 540 1089 614 finem
1107 542 1275 642 impone-

210 672 279 730 ret.
295 659 416 756 Lupus
430 658 537 730 minis
557 658 649 758 regis
659 658 891 757 perterritus,
904 656 1113 733 Hunoldnm
1131 675 1171 732 et
1184 685 1274 734 uxo·

210 799 289 846 rem
305 776 379 872 ejus
395 773 471 848 sine
484 773 715 848 cunctatione
742 772 918 860 reddidit,
938 801 974 846 se
999 799 1149 874 quoque
1173 800 1276 875 qtrae·

213 915 366 990 cumque
395 890 659 989 imperarentur
681 889 861 962 laetorum
884 889 1093 989 spopondit.
1117 888 1168 960 At
1191 916 1273 980 rex,

211 1007 327 1083 donec
357 1007 462 1108 legati
488 1035 580 1110 quos
609 1014 753 1081 miserat
783 1023 1071 1097 reverterentur,
1091 1007 1277 1081 cantellum

214 1120 396 1222 quoddam
403 1126 506 1222 juxta
517 1123 741 1197 Dounoniam
751 1121 964 1222 (1)lluvium
977 1120 1156 1198 vocabulo
1166 1123 1279 1197 Prou-

216 1238 353 1312 ciaeum
374 1241 429 1338 (a)
453 1238 618 1312 aedificat.
647 1240 809 1314 Reversis
827 1240 937 1340 igitur
965 1239 1111 1340 legatis,
1128 1238 1279 1315 reducto

215 1355 388 1457 perfuga,
413 1355 590 1431 aedificato
614 1356 780 1446 castello,
804 1357 842 1429 iu
868 1382 1020 1455 regnum
1035 1382 1144 1429 suum
1158 1382 1280 1458 ngre-

216 1472 316 1546 ditur
331 1474 387 1574 (3)
393 1503 405 1565 ς
425 1474 688 1575 celebravitque
706 1473 869 1548 Natalem
881 1473 1028 1547 Domini
1045 1473 1086 1547 iu
1101 1472 1188 1547 nilla
1201 1473 1281 1547 Du-

216 1591 285 1680 ria,
300 1606 338 1664 et
351 1589 481 1665 Pascha
498 1590 592 1692 apud
608 1593 781 1665 Sanctum
793 1588 1031 1666 Lantbertum
1048 1591 1088 1663 iu
1098 1590 1184 1666 vioo
1195 1592 1283 1666 teo-

219 1707 315 1782 dico.

646 2036 859 2109 Dcctxx.

272 2198 501 2297 Domnus(4)
520 2197 675 2270 Karolus
687 2221 751 2269 rex
767 2193 894 2269 hahuit
910 2193 1036 2295 populi
1052 2194 1109 2266 tui
1126 2216 1287 2267 couren-

225 2334 303 2391 tum
315 2315 516 2418 generalem
531 2317 570 2388 in
582 2314 794 2388 Wormacia
805 2313 960 2386 civitate.
976 2308 1175 2386 &ntum
1187 2332 1285 2395 vero,

223 2449 339 2508 mater
365 2460 509 2534 regum,
540 2457 623 2505 cum
649 2430 895 2505 Karlomanuo
919 2429 1063 2502 minore
1090 2424 1171 2500 lilio
1196 2421 1288 2524 apud

226 2550 397 2623 Salusiam
414 2549 535 2623 locuta
550 2549 646 2648 pacis
666 2573 768 2620 causa
782 2547 860 2644 (5),
879 2546 916 2618 iu
930 2543 1069 2616 ltaliam
1087 2539 1289 2642 pauliciani·

226 2680 306 2751 tur,
320 2679 537 2764 peractoque
549 2677 700 2762 propter
715 2659 814 2761 quod
830 2660 895 2735 illo
910 2658 1072 2758 prolecta
1087 2657 1174 2757 est(
1229 2679 1288 2729 nc·

225 2777 347 2875 gotio,
364 2777 519 2851 adoratis
535 2779 642 2850 etiam
654 2779 780 2850 Romae
799 2775 1014 2847 Sanctorum
1031 2771 1290 2871 Apostolorum

263 3039 302 3109 (t)
319 3036 374 3094 All.
384 3037 573 3106 mmmmm,
591 3036 778 3104 Dordonim
793 3036 965 3095 Donionane

263 3141 302 3211 (a)
320 3136 375 3197 alt.
386 3138 586 3207 quct'etcum,
599 3138 804 3194 quctt'eecum.

266 3237 406 3311 (3)Codd.
416 3239 488 3312 llcg.
502 3239 566 3295 Par.
580 3238 665 3314 5924,
676 3249 705 3295 ct
716 3238 879 3298 vindobon.
896 3257 946 3295 no
959 3263 966 3292 :
981 3243 1140 3295 mertiuir.

265 3348 305 3418 (1)
322 3344 393 3403 cod.
403 3345 510 3401 Treuir.
519 3355 549 3401 ct
562 3345 597 3400 D.
613 3345 700 3419 Bouq.
714 3343 844 3400 ἄοικῠιιιε
855 3353 885 3399 et
894 3344 933 3399 iu
942 3342 1083 3416 deinceps.

267 3444 306 3517 (5)
322 3444 386 3501 Hoc
394 3462 502 3500 comma
511 3455 576 3520 post
586 3463 681 3500 rocem
698 3464 784 3499 causa
795 3445 875 3518 ponit
888 3442 1052 3499 Peruimiu
1061 3440 1291 3517 notindjieim:

235 3559 248 3584 a
256 3551 362 3590 comma
370 3535 401 3587 in
408 3531 528 3589 editione
537 3553 593 3589 nou
603 3534 655 3589 hoc
663 3535 723 3589 loeo
731 3532 784 3588 sed
790 3552 937 3606 perperam
943 3541 1007 3604 post
1016 3548 1097 3586 uun
1106 3530 1222 3587 dem
1226 3532 1295 3606 posi

234 3634 307 3695 tum,
316 3642 429 3678 sensnm
440 3621 526 3677 valde
534 3621 675 3698 diversum
688 3622 781 3677 reddit
786 3648 794 3686 ,·
808 3624 950 3678 hettonem
959 3631 1085 3677 noctmm
1092 3624 1219 3677 omium
1231 3639 1297 3695 quos

235 3719 294 3787 ipse
312 3715 426 3787 inspexi
432 3755 440 3780 ,
455 3721 495 3779 et,
511 3722 541 3766 ut
554 3712 623 3767 milti
633 3732 802 3785 persuasum
814 3721 871 3781 est,
889 3712 1056 3784 relicuom
1076 3714 1164 3767 eota
1175 3708 1298 3767 ωᾰὶεωκ

236 3808 388 3861 aruritae
406 3811 506 3855 eneam.
524 3826 536 3851 s
551 3833 582 3842 -
595 3804 662 3872 Quae
676 3801 889 4040 unviti
908 3801 1058 3869 munna,
1070 3798 1301 3857 mximrdlioet

236 3895 377 3970 ponderis,
389 3892 725 3965 nobisnmenauentepe
851 3889 934 3960 tibus,
944 3889 1192 3945 etauctoritatem
1202 3888 1299 3962 Bouq.,

238 3986 368 4041 &thani
388 3984 561 4056 aliorumque
576 3982 750 4037 eruditorum
861 3979 1033 4036 immutanda
1051 3980 1107 4034 visa
1119 3989 1171 4035 ut.
1190 3978 1274 4035 Conl.
1287 3995 1303 4031 e

238 4087 334 4131 contra
347 4085 440 4130 noum
456 4072 520 4145 gall

275 4175 313 4241 (6)
332 4176 363 4228 l).
375 4176 460 4247 Bouq.
475 4173 600 4243 prnfecla
610 4180 679 4225 erut.
879 4188 896 4226 ο
