3000 5272
216 399 275 458 196
652 390 840 452 KAROLUS.

215 552 287 598 suae
313 523 434 594 salutis
451 520 656 609 obsidibus,
676 547 766 622 quos
781 522 830 594 eis
843 518 1086 608 Amalwinus,
1102 545 1199 593 unus
1215 547 1276 596 au-

213 642 386 727 licorum,
405 667 425 710 a
441 664 522 739 rege
534 640 661 711 missus
674 637 888 730 adduxerat,
904 663 988 708 cum
1003 636 1131 710 eodem
1145 638 1224 738 ipso
1234 640 1276 713 ad

213 763 288 858 ejus
304 759 532 858 praesentiam
552 757 588 828 in
601 757 783 829 Attiniaco
795 754 879 827 villa
892 769 1092 843 venerunt,
1106 769 1218 855 atque
1229 754 1275 829 ibi

212 874 383 974 baptizati
407 888 503 945 sunt.
527 872 619 945 Nam
635 897 719 962 rex,
737 886 927 970 postquam
949 868 993 942 ad
1010 895 1072 944 eos
1092 895 1277 946 accersen-

212 987 276 1063 dos
289 991 343 1087 (1)
357 1005 596 1062 memoratum
613 986 858 1061 Amalwinum
872 984 1023 1072 direxit,
1036 985 1075 1058 in
1092 985 1277 1059 Franciam

211 1130 372 1177 reversus
389 1119 459 1191 est3
480 1105 688 1204 quievitque
707 1102 766 1174 illa
784 1102 969 1174 Saxonicae
987 1100 1151 1200 perfidiae
1166 1103 1277 1205 pmi-

212 1221 339 1293 cacitas
357 1223 410 1317 (2)
434 1247 499 1320 per
516 1246 628 1294 annos
645 1220 804 1318 aliquot,
832 1217 881 1292 ob
897 1217 973 1291 ·hoc
995 1219 1172 1309 maxime,
1190 1245 1275 1322 quo

211 1337 310 1408 niam
323 1337 524 1410 occasiones
535 1334 724 1410 deficiendi
740 1336 872 1409 adrem
882 1335 1104 1434 pertinentes
1117 1337 1276 1413 iuvenire

210 1478 286 1525 non
300 1467 513 1551 potuerunt.
532 1453 638 1524 Facta
654 1467 708 1524 est
731 1451 858 1525 eodem
879 1477 978 1525 anno
1002 1465 1101 1525 trans
1117 1453 1277 1528 Hrenum

209 1568 305 1668 apud
317 1568 508 1643 orientales
521 1569 678 1643 Francos
686 1566 853 1640 adversus
863 1594 985 1668 regem
995 1569 1190 1644 immodica
1201 1596 1278 1645 con

207 1686 364 1784 juratio,
388 1689 488 1785 cujus
515 1701 700 1758 auctorem
731 1684 958 1757 Hardradum
981 1686 1157 1760 comitem
1175 1687 1277 1761 fuisse

212 1801 412 1876 constabat.
425 1800 506 1874 sed
523 1799 627 1899 hujus
646 1800 820 1873 indicium
836 1803 910 1875 cito
925 1801 970 1874 ad
986 1827 1109 1902 regem
1124 1802 1276 1878 delatum

212 1935 283 2007 est,
297 1924 444 2019 ejusque
459 1918 602 1992 solertia
621 1934 694 1991 tam
706 1918 821 1991 valida
832 1920 1051 2019 conspiratio
1062 1922 1156 1995 citra
1167 1922 1276 1997 ullum

212 2035 346 2136 grande
380 2035 582 2134 periculum
616 2036 654 2107 in
682 2034 784 2108 brevi
813 2037 1042 2136 conquievit,
1073 2038 1275 2113 auctoribus

214 2156 288 2252 ejus
301 2153 435 2253 partim
451 2152 656 2251 privatione
673 2152 873 2242 luminum,
887 2154 1021 2252 partim
1036 2154 1136 2228 exilii
1149 2154 1274 2256 depon-

217 2270 353 2344 tatione
367 2271 420 2367 (ὅ)
433 2267 694 2342 condemnatis.

604 2598 904 2674 DCCLXXXVI.

265 2758 360 2829 Cum
370 2772 408 2829 et
423 2755 549 2829 hiemis
563 2772 704 2855 tempus
716 2758 915 2857 expletum,
929 2774 1143 2835 etsanctum
1153 2762 1273 2836 Pascha

220 2871 259 2943 in
275 2870 458 2942 Attiuiaoo
474 2870 559 2942 villa
573 2870 699 2944 suisset
709 2899 730 2944 a
740 2898 824 2973 rege
835 2872 1069 2965 celebratum,
1086 2879 1274 2952 exercitum

220 2987 260 3058 in
281 2985 523 3056 Brittanniam
545 2986 772 3058 cismarinam
794 2989 940 3063 mittere
964 2991 1168 3067 constituit.
1194 2992 1275 3067 Nam

222 3127 306 3174 cum
324 3099 371 3172 ab
386 3099 511 3199 Anglis
524 3126 565 3172 ac
588 3100 789 3175 Saxonibus
810 3105 1011 3180 Brittannia
1026 3108 1142 3181 insuia
1162 3108 1276 3183 suisset

223 3218 342 3291 inraso
354 3219 425 3312 (4),
445 3242 574 3316 magua
592 3244 674 3316 pars
687 3218 888 3294 incolarum
901 3228 977 3322 ejus
991 3251 1090 3299 mare
1104 3226 1273 3313 traiciens,

225 3335 264 3409 in
291 3335 428 3406 ultimis
444 3334 570 3408 Galliae
592 3334 725 3409 finibus
751 3340 973 3414 Venetorum
996 3357 1034 3415 et
1049 3341 1277 3419 Coriosolita-

223 3479 307 3525 rum
323 3452 487 3548 regiones
499 3453 701 3551 occuparit.
717 3455 750 3526 Is
771 3456 927 3556 populus
943 3484 965 3530 a
980 3456 1123 3560 regibus
1138 3460 1277 3533 Franco

258 3694 358 3766 (1)lta
376 3693 460 3747 habet
481 3694 514 3746 D.
533 3694 621 3765 Bouq.
641 3714 706 3748 cum
726 3697 840 3751 Freher.
860 3709 889 3753 et
908 3697 1032 3755 Nneuar.
1051 3701 1164 3758 comite.
1184 3702 1274 3758 Perta:

225 3783 428 3843 accersiendas.

258 3876 299 3947 (a)
315 3871 387 3929 cod.
399 3869 470 3942 Reg.
483 3869 547 3923 Par.
560 3865 632 3942 59²5
645 3894 651 3923 :
664 3875 841 3941 perversitas.

260 3962 300 4037 (3)
318 3962 440 4017 Nraeuar.
453 3978 526 4014 corn.
539 3960 620 4013 exilii
628 3979 724 4031 poena.

261 4054 301 4123 (t)
318 4048 390 4108 eod.
405 4046 567 4103 i'iudobou.
580 4064 633 4120 99⁰
651 4071 657 4098 ε
674 4067 740 4103 nam
753 4049 791 4104 ab
804 4053 907 4125 Aegiis
919 4066 947 4109 et
959 4056 1120 4113 διτοκῶιιε
1130 4077 1195 4113 cunt
1210 4056 1279 4112 But·

228 4143 327 4193 tannia
340 4138 433 4192 insula
444 4133 699 4205 mutuata—fuisset.
