3000 5272
220 413 280 472 338
612 407 892 469 HLUDOWICUS.

219 540 306 616 doio
328 541 465 614 factum
488 556 649 639 putatur.
676 541 890 638 Imperator,
914 552 1100 611 conventu
1122 534 1286 625 dimitto,

219 661 339 758 primo
352 659 622 744 Cruciniacum,
639 656 768 730 deinde
783 656 947 755 Bingiam
960 654 1125 743 veniens,
1140 653 1286 728 secunda

216 801 307 874 aqna
325 772 579 848 Confluentem
598 798 711 871 usque
728 796 793 869 per
809 772 974 843 Hrenum
988 769 1192 870 navigavit,
1212 768 1287 843 inde

215 887 1286 991 Arduennamvenandigratiaproficiscitur;venatorioquo

213 1037 285 1110 que
298 1010 475 1084 exercitio
487 1034 590 1082 more
603 1007 754 1080 solemni
771 1005 905 1080 ibidem
913 1022 1054 1095 exacto,
1066 1006 1284 1109 Aquasgrani

217 1128 259 1199 ad
278 1127 512 1201 hiemandum
529 1126 738 1200 revertitur.

645 1696 853 1770 DCCCXX.

265 1860 386 1933 Mense
402 1857 569 1957 januario
587 1871 786 1930 conventus
811 1853 944 1929 ibidem
964 1852 1129 1946 habitus,
1157 1856 1198 1930 in
1218 1882 1283 1959 quo

214 1974 258 2047 de
272 1972 462 2047 Liudewiti
480 1973 683 2047 defectione
698 1971 938 2046 deliberatum
954 1988 1026 2059 est,
1045 1989 1089 2046 ut
1103 1986 1180 2047 tres
1196 1998 1285 2048 exer·

214 2090 305 2161 citus
332 2089 439 2161 simui
465 2115 508 2164 ex
537 2087 654 2161 tribus
680 2085 843 2187 partibus
865 2086 910 2158 ad
938 2085 1197 2161 devastandam
1219 2092 1284 2189 ejus

214 2209 398 2307 regionem
428 2221 535 2306 atque
562 2206 671 2305 ipsius
693 2204 875 2277 audaciam
902 2204 1140 2278 coercendam
1165 2206 1284 2281 mitte·

210 2339 352 2396 rentur.
369 2325 489 2397 Borna
507 2349 655 2424 quoque
672 2322 792 2421 primo
809 2347 875 2420 per
892 2321 1045 2423 legatos,
1066 2322 1204 2399 deinde
1220 2324 1284 2425 ipse

210 2443 375 2530 veniens,
395 2441 483 2542 quid
501 2440 568 2512 sibi
584 2441 679 2514 facto
693 2466 784 2540 opus
799 2466 873 2513 esse
887 2439 1086 2530 videretur,
1101 2442 1281 2545 suggessit.

211 2560 254 2630 ln
273 2585 316 2632 eo
335 2573 517 2631 conventu
535 2561 641 2646 Bera,
666 2583 785 2631 comes
807 2557 1041 2647 Barcinonae,
1063 2559 1132 2659 qui
1153 2560 1284 2661 jamdiu

212 2676 345 2748 fraudis
358 2691 394 2749 et
408 2674 627 2748 infidelitatis
639 2701 657 2746 a
671 2675 800 2747 vicinis
812 2675 885 2748 suis
899 2672 1197 2769 insimulabatur,
1209 2702 1283 2751 oum

212 2806 416 2865 accusatore
451 2816 517 2864 suo
551 2791 707 2892 equestri
739 2816 860 2892 pugna
888 2789 1087 2892 confligere
1116 2806 1281 2882 conatus,

212 2909 384 2981 vincitur.
401 2910 564 3008 Cumque
580 2923 621 2980 ut
639 2935 721 2982 reus
740 2908 930 3009 majestatis
947 2906 1093 3008 capitali
1110 2908 1281 2985 sententia

212 3024 457 3115 damnaretur,
478 3050 623 3123 parsum
642 3039 695 3098 est
715 3025 746 3098 ei
768 3024 1012 3098 misericordia
1035 3024 1280 3126 imperatoris,

214 3159 251 3215 et
274 3144 515 3241 Rotomagum
537 3140 646 3215 exilio
672 3140 884 3241 deportatus
913 3141 1061 3242 est(1)
1091 3142 1280 3218 ramea

214 3257 350 3346 hicme,
370 3275 413 3329 ut
429 3257 589 3357 primum
606 3255 717 3330 herba
738 3257 913 3357 pabulum
927 3260 1106 3358 jumentis
1122 3257 1280 3360 praebee

213 3377 354 3476 potuit,
375 3394 446 3450 tres
464 3376 515 3448 illi
533 3376 710 3449 exercitus
726 3390 854 3449 contra
868 3374 1118 3452 Liudewitum
1129 3376 1280 3451 mittun·

214 3510 288 3566 tur.
310 3494 476 3586 Quorum
496 3518 591 3566 uuus
611 3492 655 3567 de
675 3493 773 3566 ltalia
796 3519 861 3593 per
877 3491 985 3592 Alpes
1004 3492 1181 3583 Noricus,
1198 3490 1279 3567 alter

213 3638 278 3710 per
292 3612 579 3683 Carantanorum
597 3609 838 3708 provinciam,
855 3610 984 3682 tertius
1001 3634 1069 3708 per
1085 3609 1278 3711 Bajouritm

214 3744 249 3801 et
270 3727 495 3800 Pannoniam
517 3728 740 3824 superiorem
768 3726 946 3798 intravit:
967 3741 1004 3800 et
1024 3724 1101 3800 duo
1116 3724 1274 3829 quidem,

215 3843 250 3916 id
264 3860 317 3918 est
331 3844 508 3917 dexterae
521 3843 680 3936 sinister,
696 3841 830 3915 tardius
844 3843 992 3943 ingressi
1009 3858 1116 3932 sunt,
1129 3837 1275 3944 eoquod

206 4066 239 4078 a.
288 4068 414 4075 -..ω-...ῳ

245 4208 254 4259 t
262 4208 283 4273 ι)
301 4205 326 4269 Η
352 4204 437 4273 ΒοιιεΙ.
453 4222 514 4255 rum
531 4202 619 4254 N‘urn.
636 4202 735 4256 comite
752 4228 756 4255 :
774 4204 858 4256 erili„
869 4205 1045 4271 proscriptus
1058 4210 1111 4256 est.

1085 4988 1326 5240 „i
