3000 5272
209 377 250 434 to
460 370 556 429 vlTa
577 368 724 429 Karou
747 367 1023 429 lucumonis.

212 523 304 588 tem3
337 504 487 576 Frisiam
515 529 662 603 quoque
690 517 799 602 atque
831 503 1023 575 Saxoniam
1053 498 1148 572 baud
1175 499 1273 572 aliter

209 639 317 721 atque
338 648 417 692 suas
439 623 642 720 provincias
659 620 880 707 aestimabat;
902 624 976 719 jam
996 617 1192 692 Abodritos
1210 619 1272 716 (ι),

210 738 348 810 ricinos
372 763 474 822 suos,
499 739 538 808 in
563 763 661 809 suam
690 737 869 811 ditionem
890 735 1093 835 redegerat,
1119 738 1194 833 jam
1220 757 1274 806 eos

209 853 278 925 sibi
308 854 495 952 vectigales
525 854 670 928 fecerat.
701 853 863 926 Jactabat
895 855 1003 926 etiam
1031 853 1084 950 (a)
1114 878 1152 924 se
1179 848 1273 922 brevi

210 970 425 1070 Aquisgrani
444 974 518 1067 (ὅ),
544 971 607 1043 ubi
626 972 717 1070 regis
734 971 927 1045 comitatus
947 986 1042 1056 erat,
1066 995 1150 1040 cnm
1167 966 1275 1038 maxi-

209 1086 280 1156 mis
296 1086 409 1183 copiis
435 1085 696 1174 adventurum
715 1112 782 1159 nec
797 1085 903 1158 dictis
922 1088 1015 1183 ejus,
1037 1083 1201 1184 quamvis
1218 1106 1274 1151 va-

211 1201 387 1289 nissimis,
411 1204 565 1278 omniuo
588 1203 676 1277 fides
699 1201 940 1293 abnuebatur,
960 1203 1051 1302 quin
1078 1200 1202 1300 potius
1218 1224 1275 1298 pu·

213 1330 351 1389 teretur
370 1318 437 1391 tale
454 1318 590 1420 aliquid
607 1319 861 1407 inchoaturus,
890 1319 958 1391 nisi
975 1317 1144 1391 festinata
1158 1314 1276 1387 fuisset

213 1452 332 1508 morte
346 1453 564 1535 praeventus.
580 1437 670 1511 Nam
690 1466 709 1510 a
723 1440 878 1537 proprio
888 1436 1040 1511 satellite
1053 1431 1273 1519 interfectus,

214 1568 251 1624 et
267 1581 340 1626 suae
359 1557 442 1628 ritae
459 1573 496 1630 et
512 1555 597 1630 helii
616 1585 634 1628 a
652 1585 688 1631 se
707 1556 866 1631 inchoati
885 1556 994 1630 finem
1010 1552 1232 1627 acceleravit.

184 2674 190 2685 .
268 2613 352 2685 XV.
381 2614 466 2684 Haec
494 2629 578 2685 sunt
602 2613 711 2701 bella,
745 2640 827 2715 quae
854 2641 917 2688 rex
935 2613 1206 2715 potentissimus
1224 2632 1279 2712 per

219 2758 333 2803 annos
360 2733 538 2828 xct'11(4)
568 2776 615 2789 -
634 2750 690 2807 tot
714 2735 812 2806 enim
834 2733 937 2805 annis
962 2746 1233 2832 regnaverat-
1248 2726 1279 2799 in

218 2847 366 2921 diversis
381 2863 558 2921 terrarum
574 2848 737 2946 partibus
753 2877 890 2922 summa
908 2847 1102 2949 prudentia
1118 2862 1226 2947 atque
1239 2841 1281 2915 te

222 2966 355 3037 licitate
371 2965 491 3063 gessit.
512 2963 652 3056 Quibus
666 2993 818 3066 regnum
833 2966 1078 3053 Francorum,
1095 2961 1196 3065 qnod
1210 2969 1282 3062 post

220 3099 361 3180 patrem
372 3083 567 3181 Pippinum
579 3110 751 3183 magnum
763 3084 910 3184 quidem
920 3102 957 3158 et
967 3082 1066 3157 forte
1078 3090 1281 3182 susceperat,

224 3202 270 3272 ita
289 3199 463 3272 nobiliter
480 3200 683 3299 ampliavit,
704 3220 746 3273 ut
761 3230 852 3302 pene
870 3203 1023 3302 duplum
1041 3200 1094 3273 illi
1112 3195 1281 3299 adjecerit.

224 3314 312 3388 Nam
333 3343 416 3387 cum
431 3317 531 3414 prius
549 3343 624 3389 non
638 3318 791 3417 amplius
805 3347 915 3419 quam
927 3346 967 3391 ea
982 3344 1064 3417 pars
1075 3316 1205 3390 Galliae
1214 3333 1283 3415 qut?

225 3437 320 3505 inter
329 3435 493 3506 Hrenum
506 3434 561 3531 (5)
573 3451 610 3508 et
624 3437 781 3534 Ligerim
794 3439 863 3534 (6),
878 3436 1137 3535 Oceanumque
1148 3458 1189 3505 ac
1201 3450 1284 3504 mart

1207 3568 1282 3587 uun-‘⁶

258 3641 268 3695 t
275 3658 283 3690 ι
288 3656 297 3708 j
316 3637 371 3692 Att.
386 3636 555 3704 Abodricns,
571 3639 730 3700 Abotritos,
747 3638 913 3715 Abodyros,
933 3640 1098 3703 Obodrt‘tos,·
1112 3638 1170 3695 vid.
1186 3654 1272 3713 supr!-

260 3730 299 3799 (α)
316 3726 388 3782 (Lod.
406 3725 529 3780 Florent.
545 3731 627 3781 enim.

260 3814 299 3889 (3)
319 3819 362 3873 At.
378 3819 573 3890 Aquotgrnm'.

260 3912 300 3980 (A)
317 3908 388 3963 Cod.
408 3907 545 3961 Christin.
568 3907 670 3980 Regin.
690 3926 741 3981 992
764 3935 767 3941 ·
792 3928 887 3962 revrn.
905 3941 942 3951 —
957 3908 1028 3964 Coc.
1050 3908 1214 3964 vindobon.
1232 3922 1291 3967 no,

227 3997 417 4067 qudraginta
430 4006 560 4067 quatuor.

262 4088 300 4157 (ἦ)
320 4088 372 4143 ΑΙΙ.
387 4086 527 4141 libertum.
544 4087 662 4140 lienum.

262 4180 299 4239 “3?
320 4181 371 4234 ΑΙΙ,
387 4179 527 4250 Ligerem.
546 4179 685 4247 Ligurem.
