3000 5272
211 400 271 459 326
605 391 889 453 HLUDOWICUS.

211 544 253 601 ut
266 528 441 601 exercitus
457 527 494 598 in
511 526 702 599 saxoniam
717 522 992 597 transalbianam
1005 525 1060 621 (r)
1077 523 1280 597 mitteretur

211 644 429 744 impetravit.
454 642 546 715 Nam
566 657 603 714 et
632 642 749 715 elassis
779 668 906 717 eorum
933 667 998 741 per
1016 638 1145 715 Albim
1173 666 1280 743 usque

211 763 254 834 ad
280 758 456 834 Esesfelth
477 759 661 833 castellum
683 761 801 847 venit,
825 785 907 858 quoe
928 774 1043 833 totam
1065 758 1201 833 Stnrioe
1215 756 1282 831 flu·

211 880 319 952 minis
330 879 446 977 ripam
460 877 672 963 devastavit3
686 892 722 951 et
732 875 899 964 Gluomi,
914 874 1178 952 Nordmannici
1193 873 1282 949 iimi-

210 997 256 1067 tis
280 1007 417 1080 custos,
438 992 617 1091 pedestres
635 994 753 1090 copias
775 992 927 1079 ducens,
947 992 1160 1067 simulem
1186 988 1283 1067 Abo-

210 1112 314 1185 dritis
348 1127 495 1186 terreno
523 1113 654 1186 itinere
684 1113 727 1183 ad
762 1113 878 1210 ipsum
908 1109 1094 1184 castellum
1124 1110 1280 1185 aooutit.

212 1227 352 1323 Quibus
366 1253 449 1300 cum
462 1229 578 1301 nostri
596 1225 744 1301 fortiter
758 1227 990 1315 restitissent,
1003 1228 1136 1302 omissa
1151 1225 1282 1301 mesti

212 1345 505 1445 oppugnatione,
532 1342 782 1417 discesserunt.
811 1346 950 1418 interea
977 1369 1062 1417 cum
1087 1344 1285 1443 imperator

211 1461 404 1535 venatione
422 1476 564 1560 peracta
578 1459 622 1533 de
635 1459 776 1560 Vogeso
788 1459 1011 1561 Aquasgmni
1027 1472 1285 1545 reverteretur,

211 1581 425 1651 nunciatum
442 1592 495 1651 est
509 1579 541 1652 ei
558 1575 826 1664 Bernhardum,
843 1593 1015 1676 nepotem
1031 1600 1160 1663 suum,
1177 1574 1286 1649 ltaliae

157 1753 160 1757 .
210 1723 352 1797 regem,
373 1693 614 1796 quorumdam
632 1721 828 1793 pravorum
849 1695 1039 1770 hominum
1060 1694 1221 1769 oonsilio
1231 1708 1287 1795 ty·

211 1812 401 1887 rannidem
423 1812 655 1898 meditatum,
678 1815 750 1910 jam
772 1838 899 1887 omnes
914 1812 1053 1899 aditus,
1087 1809 1125 1884 id
1140 1824 1198 1884 est
1215 1808 1287 1883 du·

214 1957 267 2003 sas
287 1934 359 2029 (a),
377 1928 511 2030 quibus
531 1931 569 2003 in
588 1929 725 2002 ltaliam
745 1931 917 2018 intratur,
937 1930 1115 2029 impositis
1132 1926 1287 2001 firmasse

213 2045 408 2146 praesidiis,
424 2061 532 2147 atque
547 2071 674 2121 omnes
691 2046 804 2119 ltaliae
823 2047 982 2119 civitates
1006 2046 1044 2117 in
1062 2043 1164 2117 illius
1182 2042 1286 2119 verba

209 2168 365 2262 jurasse;
391 2164 490 2264 quod
514 2191 557 2237 ex
580 2179 681 2262 parte
698 2191 842 2251 verum,
863 2190 907 2237 ex
923 2177 1028 2263 parte
1043 2160 1181 2235 falsum
1199 2176 1284 2237 erat.

214 2281 274 2355 Ad
301 2307 393 2381 quos
417 2296 538 2355 motus
555 2280 847 2380 comprimendos
864 2307 967 2368 cum,
995 2304 1039 2357 ex
1068 2294 1148 2353 tata
1176 2276 1286 2353 Gali'n

213 2411 321 2497 atque
339 2397 532 2471 Germania
554 2414 773 2497 congregato
793 2422 931 2469 summa
951 2394 1138 2471 celeritate
1156 2418 1286 2495 magno

215 2513 397 2599 exercitu,
428 2514 625 2610 imperator
653 2510 792 2583 ltaliam
820 2511 958 2584 intrare
981 2510 1034 2608 (ὅ)
1065 2507 1284 2597 festinasset,

214 2629 444 2704 Bernhardus
465 2628 574 2703 rebus
598 2629 670 2703 suis
698 2626 877 2716 diffidens,
900 2627 1058 2701 maxime
1079 2624 1187 2728 quod
1211 2648 1284 2701 sea

214 2748 285 2818 suis
314 2745 479 2845 quotidie
505 2744 618 2819 deseri
646 2743 810 2833 videbat,
839 2744 948 2816 armis
977 2742 1175 2843 depositis,
1199 2737 1284 2843 apud

215 2858 440 2933 Cabillonem
461 2861 517 2957 (4)
544 2860 753 2960 imperatori
776 2885 812 2933 se
834 2858 1001 2947 mdidit3
1027 2883 1142 2959 quem
1169 2854 1283 2931 coetflt'

214 2978 347 3065 secuti,
367 3004 442 3052 non
460 2978 579 3051 solum
594 2979 704 3053 armis
719 2977 890 3078 depositis
909 3004 946 3051 se
968 2976 1213 3061 dediderunt,
1232 2998 1282 3047 re·

214 3120 297 3165 rum
320 3094 419 3167 ultro
443 3093 544 3167 etad
567 3095 722 3193 primam
745 3096 1070 3196 interrogationem
1092 3093 1221 3169 omnis
1236 3088 1282 3163 uti

214 3228 310 3312 gesta
342 3228 446 3285 eraut
475 3228 708 3310 aperuerunt.
740 3214 854 3312 Hujus
887 3212 1154 3313 conjurationis
1187 3208 1282 3313 prin·

216 3327 311 3426 cipes
335 3325 437 3401 suere
464 3328 643 3428 Eggideo,
676 3328 772 3402 inter
793 3329 927 3403 amicos
950 3328 1046 3428 regis
1067 3327 1231 3426 primus,
1251 3336 1281 3397 et

215 3442 463 3542 Reginhardus
481 3446 695 3519 camerarius
711 3445 765 3542 (5)
783 3448 877 3542 ejus,
897 3460 935 3521 et
951 3442 1196 3547 Reginharius
1210 3442 1280 3517 Me

248 3776 288 3836 (a)
307 3768 430 3823 Nuenar.
442 3784 514 3821 com.
529 3777 558 3823 et
568 3767 604 3823 D.
619 3768 707 3843 Booq.
722 3789 746 3823 e.
761 3779 841 3825 tram
853 3769 960 3825 Albim.

247 3878 287 3941 (a)
305 3870 396 3928 Codd.
412 3870 532 3938 Treuir,
546 3872 717 3938 Hannover,
733 3884 762 3927 st
775 3872 958 3931 Vindoboun.
974 3892 1024 3929 iro
1035 3883 1065 3929 et
1076 3890 1132 3951 99⁰
1144 3898 1150 3929 :
1164 3872 1274 3931 cruam·

246 3973 285 4044 (3)
305 3975 337 4029 D.
352 3974 440 4049 Bouq.
452 3972 494 4028 od
503 3974 617 4029 Italiam
620 3974 801 4047 festinasset.

248 4079 287 4148 (4)
306 4076 360 4132 ΑΙΙ.
377 4077 569 4137 cavillionem.
589 4077 768 4132 cavillonem.

249 4176 287 4246 (5)
307 4179 428 4233 ltuenar.
442 4196 513 4233 corn.
527 4190 555 4233 ot
568 4179 602 4232 D.
615 4180 701 4252 Bouq.
715 4179 908 4233 cubicularius.
