3000 5272
210 400 273 460 360
600 398 882 460 HLUDOWICUS.

211 529 310 601 ltalia
329 530 484 627 justitias
505 527 661 617 faceret,
683 533 812 628 etjam
833 555 870 603 se
892 529 936 602 ad
959 528 1215 605 revertendum
1230 531 1267 605 de

211 645 310 718 ltalia
328 661 566 744 praepararet,
589 662 738 746 rogante
757 645 921 720 Paschale
936 674 1027 747 papa
1044 648 1203 722 Romam
1214 676 1269 723 ve·

210 763 286 850 nit,
306 778 342 834 et
357 760 557 834 honorifice
572 762 618 833 ab
632 762 696 836 illo
709 777 911 862 susceptus,
930 764 968 836 in
982 778 1110 837 sancto
1125 763 1270 837 Pantati

210 876 268 950 die
287 877 379 976 apud
394 878 566 950 Sanctum
580 880 729 953 Petrum
745 895 781 953 et
797 880 899 979 regni
916 905 1094 955 coronam
1109 895 1150 955 ot
1164 882 1272 981 Impo-

211 994 342 1066 ratoris
357 1008 464 1093 atque
482 993 632 1093 Augusti
646 1020 781 1068 nomen
792 995 946 1094 accepit,
966 995 1050 1070 inde
1060 995 1210 1095 Papiam
1220 1022 1273 1071 rc-

210 1134 368 1209 gressus,
387 1134 508 1181 mense
520 1109 626 1207 junio
642 1111 685 1181 ad
704 1111 958 1209 imperatorem
975 1111 1091 1185 venit.
1112 1109 1275 1205 Quicum

212 1227 422 1325 imperatori
449 1227 493 1299 de
505 1227 654 1325 justitiis
680 1227 717 1300 in
736 1226 835 1299 Italia
854 1255 872 1299 a
892 1254 929 1302 se
950 1228 1086 1328 partim
1104 1227 1274 1326 factis(1)

210 1342 345 1441 partim
365 1339 541 1415 inchoatis
557 1341 698 1416 fecisset
721 1341 918 1435 indicium,
937 1343 1065 1417 missus
1083 1358 1142 1419 est
1159 1344 1197 1417 in
1215 1345 1276 1416 lta

211 1459 297 1531 liam
310 1457 534 1530 Adalhardus
547 1484 666 1533 comes
679 1459 820 1558 palatii,
836 1463 1047 1561 jussumque
1059 1460 1276 1535 estntMan-

210 1578 358 1678 ringnm
377 1579 429 1676 (a)
454 1578 586 1650 Brixiae
603 1580 775 1651 comitem
795 1604 916 1652 secum
932 1594 1154 1671 assumeret,
1172 1595 1210 1653 et
1225 1579 1276 1651 in-

211 1693 353 1768 choatas
367 1695 523 1794 justitias
540 1694 712 1794 perficere
729 1711 885 1769 curaret.

259 1814 486 1912 Drogonem,
507 1811 657 1886 fratrem
671 1815 764 1911 ejus,
787 1812 854 1885 sub
873 1813 1046 1888 canonica
1059 1814 1136 1887 vita
1154 1812 1277 1915 degen-

212 1947 303 2019 tem,
328 1931 480 2003 Metensi
503 1930 680 2017 ecclesiae,
704 1929 802 2004 clero
823 1928 981 2028 ejusdem
1004 1927 1111 2003 urbis
1134 1956 1278 2005 consen-

211 2050 324 2122 tiente
351 2063 458 2148 atque
483 2048 658 2147 eligente,
686 2065 867 2123 rectorem
891 2049 1106 2139 constituit,
1135 2073 1279 2150 eumque

211 2166 256 2239 ad
273 2165 504 2265 pontificatus
521 2167 674 2265 gradum
692 2168 832 2239 censuit
847 2169 1057 2266 promoveri
1072 2168 1142 2266 (ὅ).

262 2287 303 2357 ln
327 2283 453 2360 eodem
476 2298 658 2357 conventu
682 2300 822 2382 tempus
843 2298 880 2357 et
899 2283 1001 2358 locus
1023 2282 1179 2359 alterius
1199 2306 1280 2356 oon-

212 2416 340 2473 ventns
359 2397 513 2471 habendi
532 2397 720 2470 condictus
737 2414 791 2471 est
809 2397 865 2497 (4)
875 2453 886 2487 ,
904 2395 1108 2474 november
1124 2396 1281 2473 videlicet

212 2516 358 2602 mensis,
371 2530 407 2587 et
419 2513 684 2612 Compendium
696 2514 889 2614 palatium
904 2529 1128 2615 peractoque
1139 2512 1279 2613 placito,

213 2650 250 2707 et
271 2633 424 2705 dimissis
444 2630 684 2731 primoribus,
709 2659 791 2704 cum
813 2633 1011 2732 imperator
1026 2634 1106 2731 jam
1129 2630 1217 2705 inde
1232 2628 1282 2703 di·

212 2749 312 2849 gredi
330 2749 526 2835 statuisset,
551 2748 700 2819 allatum
718 2762 771 2821 est
788 2749 819 2821 ei
836 2747 881 2821 de
900 2748 1054 2822 interitu
1071 2744 1280 2832 Lindewiti,

214 2864 314 2966 quod
331 2864 466 2936 relictis
486 2862 650 2950 Sorobis,
672 2890 755 2935 cum
774 2863 987 2937 Dalmatiam
997 2862 1044 2935 ad
1054 2858 1283 2937 Lindemltns·

215 2982 290 3053 lum
309 2980 363 3076 (ὃ)
383 2978 603 3050 avunculum
624 2981 757 3052 Bornae
779 2977 879 3051 ducis
898 2976 1146 3079 pervenisset,
1168 2992 1207 3051 et
1221 2974 1282 3049 ati-

213 3112 392 3199 quantum
428 3097 600 3194 temporis
635 3123 719 3168 cum
747 3122 790 3171 eo
820 3112 982 3171 moratus
1017 3094 1177 3185 fuisset,
1206 3092 1281 3169 doto

215 3216 325 3316 ipsius
343 3230 434 3288 essct
460 3213 684 3288 interfectus.
705 3214 926 3288 Nunciatum
943 3229 999 3289 est
1016 3215 1150 3304 etiam,
1169 3212 1281 3289 'rheu

214 3336 347 3408 dorum
360 3347 493 3405 sanctae
512 3334 685 3406 Romanae
700 3334 869 3408 Ecclesiae
882 3333 1136 3433 primicerium
1149 3348 1190 3409 et
1205 3334 1281 3407 Leo

215 3478 301 3526 nem
325 3450 656 3536 nomenclatorem,
685 3477 859 3551 generum
884 3453 978 3549 ejus,
1006 3451 1045 3523 in
1069 3448 1279 3550 patriarchio

216 3568 444 3642 Lateranensi
463 3568 584 3665 primo
601 3583 813 3656 excaecatos,
834 3593 874 3638 ac
894 3566 1025 3641 deinde
1041 3564 1157 3643 fuisse
1171 3564 1277 3643 deod·

250 3837 289 3905 (1)
309 3834 416 3887 Partim
419 3831 513 3903 facus
522 3829 599 3884 deest
610 3831 638 3883 in
651 3829 731 3883 codd.
751 3847 799 3883 110
811 3839 840 3883 et
854 3846 917 3902 99⁰·

251 3930 291 3994 (α)
311 3923 365 3979 ΑΙΙ.
380 3923 583 3994 Mamingum,
599 3921 772 3992 Maringum.

250 4013 290 4085 (5)
307 4015 341 4068 D.
355 4014 441 4086 Bouq.
453 4023 481 4066 et
495 4012 519 4064 N
522 4029 585 4064 uen.
601 4028 672 4064 corn.
685 4012 792 4064 censuit
803 4005 1032 4081 promovendum.

252 4106 290 4173 (4)
310 4102 398 4157 lidern
414 4125 418 4153 ε
436 4101 542 4154 indicta
553 4109 628 4154 sunt.

254 4192 293 4264 (5)
312 4192 364 4247 All.
381 4191 601 4247 Ludemuhslnm
609 4232 616 4257 ,
628 4188 841 4256 Ludemnslunt,
857 4186 1071 4243 Lindewnlam.
