3000 5272
829 348 1014 407 PlPPlNUS.

831 539 1015 613 Dccttv.

441 701 642 803 Stephanus
659 727 748 800 papa
765 716 955 800 postquam
974 728 993 772 a
1014 725 1097 800 rege
1117 700 1273 799 Pippino
1289 699 1451 774 Ecclesia

391 847 549 894 romanae
569 819 787 893 defensionis
810 819 1020 891 firmitatem
1040 817 1176 916 accepit
1187 871 1198 906 ,
1227 817 1347 917 ipsum
1364 843 1449 891 sacra

390 939 565 1011 unctione
584 936 628 1009 ad
644 937 753 1036 regiae
770 935 953 1036 dignitatis
970 933 1148 1008 honorem
1165 936 1405 1026 consecravit,
1420 951 1451 1009 et

391 1080 476 1126 cum
497 1080 540 1126 eo
556 1051 646 1126 duos
663 1051 756 1126 filios
779 1055 874 1150 ejus,
896 1051 1071 1123 Karolum
1090 1066 1126 1123 et
1149 1049 1448 1136 Karlomannum;

390 1167 592 1266 mansitque
611 1165 765 1240 hiberno
787 1182 950 1265 tempore
967 1165 1004 1237 in
1023 1165 1183 1237 Francia.
1205 1165 1348 1241 Eodem
1363 1190 1450 1239 anno

389 1284 609 1372 Bonifatius,
634 1285 919 1385 archiepiscopus
938 1283 1260 1383 Mogontiaeensis,
1286 1283 1327 1356 in
1347 1284 1449 1357 Frisia

390 1401 543 1477 verbum
553 1402 617 1477 Dei
628 1403 840 1501 praedicans,
854 1428 872 1474 a
885 1402 1029 1501 paganis
1040 1400 1266 1489 interfectus,
1279 1403 1449 1503 martyrio

392 1535 586 1608 coronatus
599 1534 664 1592 est.

840 1731 1005 1803 Dectv.

438 1893 476 1963 Pi
480 1893 612 1991 ppinus
630 1918 713 1977 rex,
733 1892 909 1963 invitante
924 1907 1033 1990 atque
1049 1905 1262 1991 suggerente
1282 1891 1450 1992 proedicto

389 2009 555 2082 Romano
572 2006 764 2106 pontifice,
783 2020 933 2105 propter
941 2006 1119 2105 justitiam
1131 2005 1226 2080 beati
1240 2007 1341 2082 Petri
1356 2035 1450 2109 apos·

387 2124 454 2197 toli
465 2151 484 2196 a
495 2150 578 2224 rege
588 2122 908 2224 Langobardorum
918 2123 1126 2224 exigendam
1139 2124 1365 2223 (r),1taiiam
1375 2152 1449 2200 enm

387 2240 501 2313 valida
520 2267 630 2313 manu
648 2242 863 2341 ingreditur.
883 2240 1142 2315 Resistentibus
1158 2240 1404 2343 Langobardis
1419 2259 1451 2318 et

387 2358 540 2432 claustra
557 2358 670 2431 ltaliae
686 2356 889 2446 tuentibus,
908 2356 952 2429 ad
970 2358 1060 2457 ipsas
1077 2359 1260 2432 montium
1276 2358 1390 2462 clusas
1404 2364 1449 2459 (a)

387 2476 562 2549 acerrime
578 2489 781 2575 pugnatum
797 2489 871 2564 est3
895 2473 1176 2576 cedentibusque
1191 2472 1447 2577 Langobardis,

387 2618 514 2668 omnes
530 2594 645 2691 copiae
661 2594 884 2666 Francorum
898 2593 1061 2693 quamvis
1073 2590 1254 2668 difficilem
1265 2594 1363 2668 viam
1380 2620 1448 2669 non

386 2736 517 2810 magno
530 2709 654 2784 labore
665 2724 893 2810 superarunt.
909 2708 1106 2782 Haistuifus
1118 2735 1225 2804 vero,
1239 2736 1307 2785 rex
1319 2712 1449 2812 Lango-

385 2819 604 2908 bardorum,
623 2848 772 2895 manum
791 2846 980 2895 conserere
998 2847 1074 2895 non
1098 2848 1222 2914 ausus,
1247 2822 1287 2896 in
1312 2822 1449 2897 civitate

385 2936 492 3036 Papia
513 2961 532 3006 a
552 2959 636 3034 rege
651 2937 807 3035 Pippino
823 2935 984 3009 obsessus
1001 2952 1078 3025 est;
1102 2938 1165 3037 qui
1185 2952 1271 3011 ante
1291 2936 1447 3012 obsidio-

385 3076 470 3124 nem
483 3076 560 3124 non
579 3051 687 3122 solvit
702 3077 831 3150 quam,
851 3051 1030 3125 firmitatis
1047 3078 1169 3143 causa,
1188 3080 1259 3155 pro
1274 3054 1444 3131 reddenda

385 3184 517 3241 sancta.²
536 3196 695 3244 romanae
710 3169 877 3242 Ecclesiae
888 3171 1025 3269 justitia
1044 3173 1122 3271 (ὅ),
1140 3170 1282 3247 obsides
1299 3198 1345 3247 xt.
1358 3198 1446 3249 rect·

385 3286 506 3382 pisset.
531 3286 630 3358 Datis
649 3311 737 3360 vero
759 3312 805 3358 xt
830 3285 1015 3360 obsidibus
1039 3289 1296 3391 promissisque
1312 3294 1444 3392 jureju-

384 3400 500 3474 rando
517 3400 689 3492 firmatis,
711 3403 785 3500 ipse
801 3401 947 3502 quidem
966 3403 1003 3474 in
1023 3429 1175 3503 regnum
1192 3430 1299 3478 snum
1321 3432 1443 3507 regma

418 3682 457 3751 (r)
475 3682 509 3734 D.
530 3682 616 3754 Bouq.
634 3692 748 3754 propter
764 3694 859 3754 erepta
871 3702 994 3739 romam
1007 3683 1145 3738 Ecclest'oe
1159 3702 1212 3756 per
1229 3702 1327 3759 regem
1337 3686 1438 3761 Longo

385 3769 537 3824 bardorum
547 3770 684 3837 domnia,
700 3771 813 3825 Italiam
825 3792 910 3827 manu
919 3771 1018 3827 valida
1028 3770 1195 3844 ingreditur.

417 3859 457 3930 (a)
476 3858 566 3914 Codd.
581 3860 688 3913 Trevir.
705 3870 733 3913 et
746 3860 906 3916 Vindobon.
926 3878 998 3935 990:
1019 3861 1140 3916 clausas.
1160 3860 1196 3915 D.
1210 3859 1300 3937 Bouq.
1319 3863 1437 3920 mentita

383 3951 546 4019 angustias,
566 3968 637 4021 quas
658 3950 757 4003 Clusas
769 3961 882 4006 vocant.

415 4036 454 4108 (5)
472 4040 507 4095 D.
522 4040 608 4113 Bouq.
630 4059 681 4110 pro
700 4041 878 4094 restituendis
896 4059 958 4111 qaaere
973 4059 1095 4096 romanoe
1116 4041 1253 4097 Ecclesioe
1264 4041 1364 4099 obtato
1374 4039 1434 4114 sre-

383 4138 457 4181 rant.
