3000 5272
216 409 276 467 296
653 403 842 465 tanetus

215 552 439 636 congregatae
453 549 577 623 erant,
596 536 759 624 accessit,
778 534 969 634 farumque
984 533 1032 607 ibi

213 654 377 752 gantiam
390 679 513 726 cursus
527 649 732 752 dirigendus
746 652 947 751 antiquitus
961 677 1031 726 con

215 769 390 856 tauravit,
423 783 458 841 et
492 769 529 840 in
560 768 765 840 summitate
797 769 871 865 ejus
905 782 1032 841 noctua

212 882 389 957 accendit.
416 883 503 957 inde
524 882 569 956 ad
591 883 748 957 Scaldim
772 882 925 956 fluvium
945 883 1032 957 veni

212 1000 274 1100 qui
289 998 415 1072 Gauda
432 1001 485 1097 (a)
497 1015 667 1086 vocatam
678 1024 784 1073 naves
799 1000 844 1072 ad
863 999 1013 1074 candem
1029 1038 1032 1059 ι

212 1115 332 1189 ficatas
352 1118 509 1217 aspexit,
534 1133 571 1192 et
591 1118 685 1191 circa
705 1117 865 1191 medium
886 1115 1032 1192 novem}

212 1234 325 1306 venit.
345 1232 547 1308 Obviarunt
568 1237 601 1309 ei
620 1235 780 1310 venienti
805 1235 910 1335 legati
935 1237 1032 1310 Henu

211 1350 344 1426 Aowin
358 1368 395 1426 et
408 1351 525 1427 Hebhi
533 1406 545 1441 ,
561 1378 712 1428 munera
733 1353 826 1454 regis
845 1352 1032 1454 etverba1

211 1486 349 1560 rentes;
365 1470 633 1546 fueruntetiam
641 1472 753 1573 Aquis
763 1472 958 1546 adventum
968 1475 1032 1572 cjtu

212 1589 274 1688 qui
285 1588 329 1662 de
339 1591 527 1664 Pannonia
539 1603 737 1680 venerunt,
749 1589 937 1662 canizauci
949 1591 1032 1688 (ΞΠ

210 1732 308 1794 rum,
330 1722 368 1781 et
384 1705 558 1794 Thudun,
577 1722 613 1781 et
629 1706 689 1779 alii
702 1707 879 1806 primores
896 1707 1032 1780 aedua

213 1823 306 1895 circa
319 1820 526 1895 Danubium
539 1821 798 1912 habitantium,
810 1824 873 1923 qui
886 1849 904 1894 a
916 1820 1032 1895 ducibi

210 1942 343 2039 quaein
352 1940 575 2013 Pannoniam
587 1939 879 2028 missaefuerant,
891 1940 935 2013 ad
945 1966 1032 2039 proet

212 2056 300 2153 cipis
311 2056 399 2154 jussi
416 2072 607 2130 venerunt.
625 2058 765 2131 interea
779 2057 933 2130 Karolus
946 2055 1032 2129 filius

211 2171 275 2268 qni
288 2174 404 2268 major
416 2186 504 2242 natu
516 2187 610 2259 erat,
628 2196 654 2242 tt
671 2197 784 2245 nonas
797 2166 1032 2260 decembr.,d

213 2287 409 2383 imperator
424 2287 538 2386 Aquis
555 2286 736 2359 hiemavit.

643 2617 847 2691 Dcccxfl.

264 2780 338 2857 Nec
353 2781 472 2855 multo
487 2795 570 2881 post
590 2780 825 2878 Hemmingus
843 2777 1030 2849 Danorum

216 2913 274 2970 tus
294 2897 501 2969 nunciatur.
526 2893 593 2968 cui
617 2919 702 2967 cnm
723 2892 930 2993 Sigifridus,
957 2916 1032 2990 nep<

214 3013 331 3113 regis,
356 3026 393 3084 et
408 3010 530 3085 Anulo
551 3010 629 3108 (4),
653 3035 765 3108 nepos
780 3007 941 3082 Herioldi
966 3033 1032 3107 qut

216 3127 403 3203 succedere
423 3127 639 3216 voluissent,
663 3152 780 3227 neque
807 3128 903 3200 inter
927 3150 1032 3213 eos,·

215 3244 379 3335 deberet,
411 3245 604 3319 convenire
635 3245 829 3343 potuisset,
862 3269 1028 3342 compara

216 3363 408 3437 commisso
422 3360 570 3463 praelio,
587 3360 695 3436 ambo
708 3363 930 3435 moriuntur.
947 3360 1032 3434 Pars

251 3701 290 3770 (ι)
307 3695 399 3754 Codd.
412 3694 483 3768 Reg.
502 3694 565 3749 Par.
579 3693 650 3769 5924
662 3706 691 3751 et
708 3694 870 3753 Vindohou.
886 3715 936 3751 tto
955 3721 960 3751 :
978 3716 1032 3754 ean

218 3808 280 3845 nov.
295 3807 411 3861 eamque
423 3786 469 3840 ibi.
484 3785 607 3841 Nuenar.
620 3803 712 3843 comes
724 3787 897 3862 :sanumque
911 3787 958 3841 ibi.

252 3894 290 3963 (a)
307 3889 363 3946 All.
383 3887 513 3955 Granda,
532 3886 625 3943 Gand.

252 3993 292 4063 (ὅ)
311 3993 426 4048 Frehcr.
442 3989 709 4046 Cartimanduam.
721 3990 827 4045 Bertin.
845 3991 1009 4049 Cananucus
1017 4011 1032 4061 p

218 4085 315 4137 Saxon.
335 4083 471 4136 Cataizauc
482 4084 621 4152 princeps.
952 4080 963 4101 ¹

253 4188 290 4255 (4)
311 4186 429 4239 Nucnar.
445 4202 535 4238 comcs
548 4194 576 4238 et
591 4181 704 4238 Frehcr.
721 4183 824 4237 Amilo.
