3000 5272
212 409 270 469 166
642 402 831 464 uinctus.

213 550 323 624 terat,
341 534 590 609 discesserunt.
616 533 721 627 Quod
748 560 830 607 cum
854 534 928 633 regi
952 532 1078 607 suisset
1101 531 1263 621 aliatum,

211 669 344 756 quiante
365 652 486 751 potuit
503 650 682 724 celeritate
704 676 911 738 accurrens,
937 649 1156 751 fugientium
1175 662 1266 750 terga

211 771 410 860 insecutus,
428 793 592 867 ungriam
622 793 665 841 ex
694 768 744 839 eis
761 766 956 866 prostravit
976 763 1265 852 multitudinem

209 904 246 960 et
270 903 348 958 tum
371 885 515 959 demum
539 883 800 958 Westfalorum
825 881 1008 958 obsidibus
1032 882 1204 981 acceptio,
1229 882 1269 956 ad

210 999 440 1075 hiemandum
458 1001 495 1072 in
511 1001 698 1072 Franciam
714 1001 769 1097 (1)
785 999 991 1072 revertitur.

613 1195 872 1269 DCCLXXVI.

258 1347 343 1446 Regi
364 1343 514 1419 domum
538 1345 734 1418 revertenti
759 1345 968 1441 nuntiatur,
988 1338 1268 1441 Hruodgandum

210 1459 504 1562 langobardum,
523 1486 632 1562 quem
649 1461 722 1558 ipse
745 1456 1051 1557 Forojulicnsibus
1066 1456 1199 1530 ducem
1213 1454 1272 1529 dc·

210 1578 331 1667 derat,
351 1577 502 1652 initalia
523 1602 579 1650 res
592 1602 702 1649 nouas
718 1574 859 1663 moliri,
876 1577 996 1672 etjam
1013 1571 1220 1672 complures
1231 1567 1271 1643 ad

210 1720 292 1768 cnm
305 1695 463 1768 civitates
478 1693 656 1768 defecisse.
672 1692 727 1765 Ad
744 1718 835 1792 quos
848 1707 968 1765 motus
984 1686 1272 1790 comprimendo

212 1836 295 1883 cum
308 1808 375 1882 sibi
390 1810 635 1883 festinandum
642 1810 819 1908 judicaret
826 1862 838 1897 ,
853 1808 1141 1882 strenuissimum
1153 1831 1272 1909 quem·

211 1955 282 2029 que
296 1930 350 2026 (2)
371 1955 520 2001 suorum
540 1954 661 2002 secum
677 1927 827 2016 ducens,
851 1927 983 2026 raptim
1006 1924 1145 1998 ltaliam
1164 1923 1272 2025 proii-

213 2045 377 2133 ciscitur,
404 2044 717 2145 Hruodgaudoque
745 2045 808 2146 qui
835 2070 987 2144 regnum
1008 2039 1200 2116 affectabat
1218 2041 1273 2113 in·

214 2162 384 2250 terfecto,
400 2160 604 2235 civitatibus
617 2187 782 2262 quoque,
801 2187 882 2262 quoe
898 2162 942 2236 ad
958 2186 1041 2235 eum
1056 2159 1272 2245 defecerant,

214 2281 291 2352 sine
307 2279 479 2352 dilatione
497 2280 668 2379 receptis,
700 2295 737 2352 et
757 2279 795 2351 in
813 2280 863 2352 cio
886 2282 1109 2354 Francorum
1130 2275 1274 2351 comiti-

214 2395 282 2468 huo
296 2397 516 2484 constitutis,
532 2394 654 2470 eadem
670 2422 740 2497 qua
753 2413 899 2470 venerat
917 2396 1104 2471 velocitate
1117 2418 1275 2470 reveram

216 2530 282 2586 est.
315 2514 380 2587 Cui
405 2515 465 2586 vix
482 2513 589 2614 Alpes
619 2529 839 2615 transgresso
864 2527 1103 2588 occurrerunt
1127 2512 1183 2610 (8)
1217 2509 1274 2613 qui

216 2629 451 2716 nunciarent,
468 2628 729 2729 AEresburgum
740 2646 896 2703 castrum
908 2631 989 2728 (4)a
1003 2626 1208 2704 Saxonibuo
1218 2654 1276 2703 er-

215 2759 433 2843 pugnatum,
453 2769 494 2816 ac
510 2745 718 2842 praesidium
735 2747 956 2819 Francorum
973 2744 1072 2845 quod
1090 2744 1129 2817 in
1152 2768 1197 2819 oo
1214 2768 1276 2844 po·

217 2877 336 2934 suerat
360 2861 549 2960 expulsum
555 2891 566 2950 ς
586 2861 817 2962 sigiburgum
835 2862 932 2936 aliud
957 2862 1144 2937 castellum
1159 2886 1276 2962 oppu-

216 2990 366 3075 gnatum
382 2973 552 3074 quidem,
584 2976 644 3049 sed
669 3003 746 3049 non
772 2992 935 3076 captum,
957 2975 1115 3079 eoquod
1140 2975 1192 3051 hii
1217 2976 1274 3078 qui

219 3093 254 3164 in
280 3117 323 3165 eo
350 3117 451 3163 causa
468 3091 624 3190 praesidii
647 3092 792 3166 fuerant
813 3095 1022 3183 constituti,
1047 3093 1141 3167 facta
1170 3118 1277 3193 erup-

217 3210 317 3283 tione
336 3210 496 3284 iucautos
517 3223 623 3309 atquc
638 3211 899 3310 oppugnationi
921 3212 1080 3285 intentos
1092 3210 1276 3284 Saxonen

220 3341 320 3425 tergo
335 3325 561 3412 invaserunt,
579 3324 790 3425 etpiurimis
811 3325 1009 3400 interfectis
1025 3325 1186 3425 reliquos
1205 3348 1277 3398 non

217 3439 335 3513 solum
365 3440 673 3540 oppugnationem
703 3439 904 3530 dimittere,
931 3440 1125 3513 sedetiam
1159 3438 1278 3540 fugere

220 3553 491 3653 compulerunt,
507 3555 734 3657 palantesque
747 3582 787 3628 ac
796 3555 972 3655 dispersos
988 3554 1031 3627 ad
1042 3555 1210 3654 Lippiam
1224 3552 1276 3652 (ὅ)

253 3824 292 3894 (ι)
310 3819 645 3894 ltahabetD.Bouq.cum
652 3823 1276 3897 Freheretquatuorooddfflcrta:iaancic

250 3915 289 3984 (α)
306 3911 396 3968 Codd.
411 3911 568 3966 Hannover.
584 3923 612 3966 et
625 3913 788 3968 Vindobon.
813 3932 860 3967 110
872 3927 900 3969 et
917 3933 987 3988 990:
1004 3934 1116 3969 suorum
1130 3914 1276 3987 quendam.

251 4000 289 4071 (3)
309 4000 397 4055 Iidem
412 3998 494 4053 codd.
510 4011 673 4054 ocurrerunt
687 4005 713 4055 ci
725 4006 780 4074 qui.

251 4096 291 4158 (4)
311 4091 427 4145 Freher.
442 4088 516 4142 etl).
533 4089 781 4162 Bouq.a1·cem.....
797 4102 994 4164 expugnatum.

251 4180 288 4249 (5)
309 4181 361 4235 nn.
378 4182 503 4252 Lipr'nm,
523 4180 640 4235 tibiam.
