3000 5272
221 381 281 444 144
658 382 844 444 PIPPlliUS.

650 570 857 648 DCCLXV.

267 733 345 808 Hoc
366 756 463 807 anno
486 759 549 807 rex
573 733 747 833 Pippiuus
764 734 863 808 domi
887 760 924 809 ae
948 735 1150 824 continuit,
1171 761 1285 839 neque

217 863 370 948 propter
387 848 644 948 Aquitanicam
660 847 798 922 bellum
806 900 818 939 ,
835 850 999 951 quamvis
1018 849 1184 925 nondum
1203 850 1285 927 fini·

220 980 316 1052 tum,
338 965 441 1066 regni
462 965 516 1037 sui
539 965 716 1039 terminos
738 990 897 1067 agressus
914 982 985 1053 eat,
1007 965 1069 1040 sed
1084 966 1285 1066 generalem

219 1083 344 1183 populi
379 1083 433 1155 sui
468 1098 689 1157 conventum
719 1085 756 1156 in
786 1083 971 1158 Attiniaco
996 1084 1105 1174 villa,
1137 1084 1283 1162 hiberna

220 1201 433 1302 Aquisgrani
455 1200 580 1276 habuit
594 1205 610 1299 (
616 1204 673 1301 1),
692 1203 755 1276 ubi
769 1219 806 1277 et
821 1203 984 1278 Natalem
997 1205 1145 1279 Domini
1162 1221 1200 1281 et
1212 1206 1284 1280 Pae

220 1319 285 1392 cha
307 1319 513 1394 celebravit.

640 1530 862 1604 ccclxvi.

267 1688 442 1788 Pippinus
461 1716 545 1779 rex,
571 1705 722 1790 propter
742 1690 1008 1765 conficiendum
1025 1689 1283 1792 Aquitanicum

218 1804 356 1880 bellum
381 1822 564 1880 conventu
586 1807 789 1881 Aurelianis
812 1806 961 1896 habito,
988 1808 1026 1880 in
1051 1808 1282 1910 Aquitaniam

216 1923 421 2024 profectus,
438 1924 661 2000 destructum
678 1923 891 2000 aWaifario
904 1925 1215 2029 Argentomagum
1227 1928 1282 2029 (a)

217 2055 374 2114 castrum
391 2040 585 2116 readificat
600 2045 675 2140 (ὃ),
694 2041 929 2144 depositoque
949 2041 1000 2116 ibi
1018 2068 1165 2118 necnon
1189 2058 1227 2118 et
1246 2044 1284 2117 in

216 2157 376 2230 Biturica
407 2157 550 2231 civitate
575 2158 800 2232 Francorum
829 2157 1025 2257 praesidio,
1059 2158 1282 2259 regreditur,

215 2271 450 2375 Natalemque
465 2273 613 2349 Domini
630 2272 886 2364 salmonciaci,
902 2274 1032 2350 Pascha
1052 2300 1140 2351 vero
1162 2274 1284 2352 Genti-

216 2388 296 2463 liaci
316 2389 522 2466 celebravit.

625 2600 866 2675 DCCLXVH.

263 2762 351 2835 0rta
370 2765 572 2863 quastione
592 2763 638 2836 de
655 2763 783 2835 Sancta
806 2762 988 2836 Trinitate
1008 2762 1110 2837 etde
1130 2764 1282 2841 Sancto-

214 2903 298 2950 rum
315 2878 530 2978 imaginibus
550 2880 646 2952 inter
661 2878 875 2954 orientalem
899 2894 936 2952 et
951 2878 1214 2957 occidentalem
1229 2906 1279 2959 ec

214 2993 373 3084 alesiam,
399 2995 435 3068 id
458 3011 512 3070 est
535 2996 716 3069 Romanoa
739 3011 776 3069 et
797 2994 963 3084 Graecoe,
990 3023 1056 3071 rex
1079 2998 1276 3099 Pippinm,

212 3126 394 3185 conventu
411 3110 448 3183 in
466 3109 668 3185 Gentiliaco
682 3109 766 3182 villa
785 3125 1019 3213 congregato,
1038 3113 1224 3214 synodum
1235 3113 1278 3188 dc

212 3228 286 3328 ipra
299 3228 499 3328 quaestione
512 3226 657 3315 habuit;
676 3253 790 3329 eoque
804 3244 968 3328 peracto,
984 3229 1028 3303 ad
1043 3229 1182 3305 bellum
1191 3256 1278 3333 prm

211 3343 350 3418 dictum
367 3345 635 3419 conficiendum
647 3358 731 3444 post
744 3344 907 3420 Natalem
918 3344 1066 3420 Domini
1082 3346 1121 3422 in
1134 3347 1276 3450 Δῃὼ·

211 3459 310 3534 niam
323 3461 578 3562 proficiscitur.
594 3462 719 3563 Etper
730 3458 939 3536 Narbonem
950 3464 1020 3538 iter
1031 3489 1153 3566 agens,
1169 3460 1276 3543 Telo

211 3602 286 3650 sam
311 3603 469 3678 agressus
498 3579 613 3678 oepit,
645 3577 853 3652 Albienaem
882 3595 919 3653 et
941 3578 1194 3656 Grvnldnnum
1220 3583 1273 3682 (4)

245 3800 284 3871 (ι)
301 3799 371 3857 cod.
385 3798 547 3855 Vindobon.
568 3819 636 3854 110:
660 3820 685 3855 c.
704 3803 722 3853 i.
744 3800 886 3855 Attinrirco
903 3800 974 3856 oilla
993 3800 1101 3858 utura.
1119 3800 1270 3860 flitmum

212 3900 320 3963 temptas
332 3888 587 3962 Aquisgranisuit.

245 3979 284 4052 (a)
303 3978 373 4033 Cod.
387 3977 548 4034 Vindobcn.
564 3995 630 4031 uo:
651 3979 808 4049 Argentum
823 3995 965 4047 magnum.

245 4066 283 4138 (3)
302 4067 336 4122 D.
351 4068 439 4142 Bouq.
454 4075 575 4138 reparat.

242 4161 281 4228 (l)
300 4161 341 4214 ΑΙ.
362 4158 578 4214 Gavnldiannm.
596 4157 628 4210 D.
643 4157 728 4228 Bouq.
745 4155 955 4210 Gaauldensem.
