3000 5272
181 375 184 379 ’
210 410 271 469 aso
597 403 879 466 uuuuowicus.

207 543 325 638 jusso,
360 549 511 635 propter
543 532 648 608 lamae
676 535 931 609 certitudinem
964 536 1273 637 comperiendam,

211 655 413 731 Bertricum
438 650 558 752 palatii
582 653 754 727 comitem
774 650 818 724 ad
840 650 1046 727 Baldricum
1064 669 1101 729 et
1122 652 1277 731 Gerb'ol·

210 771 300 844 dum
314 772 462 844 comites
476 784 512 842 et
528 770 669 844 Avarici
688 770 815 842 limitis
831 770 995 845 custodes
1010 771 1050 845 in
1067 772 1279 846 &eantare-

212 912 296 958 rum
315 885 539 985 proviuciam
561 885 682 974 misit,
705 886 767 985 qui
789 911 873 958 cum
896 912 1059 961 reversus
1080 884 1176 960 nihil
1197 888 1279 961 certi

211 1026 320 1101 super
334 1000 483 1100 hisquae
498 1000 589 1072 fama
608 1000 814 1099 vulgaverat
830 1017 1068 1101 reportasset,
1085 1003 1281 1102 imperator

213 1121 369 1221 legatum
396 1117 439 1191 ad
466 1145 502 1192 se
528 1134 717 1191 evocatum
742 1119 819 1192 sine
842 1119 972 1194 litteris
997 1146 1161 1195 remeare
1185 1119 1280 1195 fecit.

213 1239 353 1311 lnterea
365 1236 539 1334 Pippinus
551 1263 628 1323 rex,
643 1235 737 1307 lilius
752 1236 992 1334 imperatoris,
1007 1250 1050 1307 ut
1058 1238 1182 1336 jussus
1195 1253 1282 1324 erat,

214 1379 298 1425 cum
316 1353 387 1424 suis
406 1350 641 1450 optimatibus
664 1367 699 1424 et
722 1353 904 1450 Hispanici
929 1352 1055 1426 limitis
1078 1350 1283 1429 custodibus

216 1468 309 1540 circa
324 1466 489 1540 kalendas
499 1465 695 1540 februarias
706 1467 943 1566 Aquasgraui,
956 1494 1040 1540 uam
1056 1464 1109 1539 ibi
1126 1482 1217 1541 tunc
1227 1469 1284 1540 im

218 1599 364 1683 perator
379 1581 610 1674 hiemaverat,
620 1584 720 1655 venit
729 1637 739 1672 ,
757 1609 840 1655 cum
849 1583 982 1684 quibus
992 1610 1076 1657 cum
1086 1583 1135 1660 de
1148 1583 1284 1659 tuendis

218 1717 344 1775 contra
363 1700 556 1774 Saracenos
573 1699 850 1774 occidentalium
867 1701 1026 1801 partium
1048 1700 1186 1775 finibus
1202 1716 1284 1776 esset

218 1833 414 1890 tractatum
430 1832 536 1916 atque
553 1817 766 1916 dispositum
786 1818 841 1916 (t)
851 1872 861 1906 ,
887 1818 1061 1918 Pippinus
1078 1818 1118 1890 in
1135 1816 1284 1920 Aquita-

220 1935 318 2008 niam
335 1959 533 2033 regressus,
553 1949 713 2007 aestatem
731 1935 768 2006 in
783 1935 955 2034 deputato
971 1932 1038 2007 sibi
1056 1935 1142 2011 loco
1156 1952 1283 2010 narse

218 2051 272 2150 git
296 2052 366 2149 (α).
396 2051 598 2149 lmperator
624 2076 711 2123 vero
738 2051 859 2127 medio
884 2077 1006 2126 mense
1032 2054 1130 2127 maio
1158 2052 1284 2156 Aquis-

218 2169 323 2269 grani
338 2194 508 2268 egressus,
523 2169 614 2239 circa
629 2167 897 2268 kalendasjunii
911 2169 954 2242 ad
968 2170 1168 2272 lngelbeim
1177 2172 1281 2257 venit,

220 2283 418 2385 habitoque
444 2283 493 2356 ibi
522 2301 704 2358 conventu
730 2312 807 2360 non
831 2287 995 2377 modico,
1022 2288 1155 2361 multas
1183 2305 1222 2363 et
1248 2314 1284 2363 ex

220 2399 368 2474 diversis
394 2417 572 2474 terrarum
595 2400 757 2500 partibus
781 2404 902 2476 missas
931 2403 1127 2504 legationes
1156 2404 1286 2477 audivit

221 2535 258 2592 et
276 2518 444 2592 absolvit.
466 2521 567 2592 Inter
587 2545 674 2618 quas
693 2521 873 2620 praecipua
892 2522 1102 2622 caeterisque
1123 2522 1286 2621 praeemi-

221 2662 311 2708 nens
335 2651 410 2708 erat
433 2635 564 2734 legatio
590 2651 721 2707 sanctae
748 2636 1090 2736 sedisapostolicae,
1118 2639 1286 2712 Romane

222 2751 388 2824 videlicet
402 2751 571 2823 Ecclesiae
591 2753 663 2849 (3),
681 2778 751 2851 qua
769 2751 1014 2853 fungebantur
1032 2755 1105 2826 Leo
1125 2753 1288 2828 Centum·

223 2869 384 2943 cellensis
398 2869 605 2968 episcopus,
622 2886 658 2941 et
670 2867 962 2969 Theophylactus
977 2870 1245 2959 nomenclator,
1258 2884 1288 2942 et

222 2986 267 3059 dc
289 2984 452 3085 partibus
475 2986 722 3059 transmarinis
743 2986 955 3059 Dominicus
974 2985 1082 3061 abhas
1101 2984 1148 3061 dc
1170 3002 1290 3063 moute

223 3102 354 3176 Oliveti
362 3130 373 3190 ς
391 3101 495 3201 legati
508 3126 653 3201 quoque
667 3102 826 3175 filiorum
839 3101 1049 3192 Godolridi,
1067 3104 1162 3204 regis
1175 3103 1289 3177 Dauo-

223 3248 329 3308 rum,
349 3220 444 3320 pacis
460 3247 501 3292 ac
518 3219 666 3294 foederis
684 3247 784 3293 causa
803 3221 951 3310 directi,
970 3236 1008 3296 et
1022 3220 1066 3296 de
1082 3221 1290 3298 sclavorum

224 3336 433 3439 regionibus
447 3337 594 3438 quidam
605 3335 868 3412 abodritorum
882 3340 1060 3438 primores
1075 3339 1134 3439 (4)
1148 3336 1293 3414 caedra

223 3481 310 3556 gum
322 3455 449 3527 ducem
463 3481 568 3526 suum
582 3470 799 3527 accusantes.
821 3452 1064 3527 Accusabatur
1078 3470 1116 3528 et
1127 3453 1289 3556 Tunglo,

226 3599 320 3645 unus
332 3572 376 3645 de
389 3571 610 3647 Soraborum
621 3570 857 3671 primoribus,
873 3572 971 3671 quod
986 3587 1022 3645 et
1038 3573 1114 3671 ipse
1126 3570 1229 3647 dicto
1240 3596 1294 3644 au·

263 3893 302 3960 (a)
321 3891 354 3942 l).
368 3890 455 3961 Bouq.
468 3907 531 3941 cum
546 3887 664 3941 tt'uenar.
682 3886 783 3940 comite
797 3907 802 3935 ι
819 3893 838 3935 t.
851 3892 878 3936 et
889 3883 1059 3937 conclusum.

264 3996 301 4063 (a)
320 3992 408 4047 Iidem
422 4017 427 4044 τ
445 4010 588 4064 regressus
601 3988 702 4043 ibidem
716 3997 801 4040 totam
815 3994 972 4057 sequentem
983 3993 1110 4040 oesaanm
1124 3986 1269 4057 tmnsegr't.

265 4093 304 4161 (3)
324 4095 411 4149 lidcm
428 4120 432 4146 z
450 4096 552 4166 legatio
566 4094 687 4145 Romani
697 4091 846 4161 pontificis.

264 4198 301 4266 (4)
322 4196 407 4249 lideru
425 4221 428 4227 ·
446 4195 646 4250 Abodriturum
657 4196 805 4265 principes.
