3000 5272
209 415 270 479 374
598 404 880 471 utunowlcus.

211 545 416 646 direptione
445 545 600 646 graviter
629 542 776 616 fuerant
801 538 975 628 desolati,
1002 536 1049 612 de
1074 537 1278 639 reseptieae

210 661 397 737 bonorum
415 685 564 734 suorum
573 713 583 748 ,
602 683 686 760 quae
704 683 771 758 per
789 655 885 730 illius
905 654 1104 730 adventum
1121 656 1202 730 Deo
1214 651 1279 729 do-

211 792 322 851 nante
338 789 572 876 provenerat,
593 772 781 874 nngnifice
797 772 872 845 sint
890 769 1079 846 consolati.

261 895 340 967 Hos
358 918 455 968 anno
468 893 589 992 paucis
604 906 688 965 ante
705 890 900 965 solstitium
913 888 1070 963 estivale
1081 884 1231 980 diebos,
1245 888 1278 961 in

214 1008 402 1084 territorio
418 1006 732 1110 Augustodunensi
749 1018 831 1081 atre
846 1007 885 1080 in
901 1018 1155 1106 tempestatem
1168 1000 1277 1079 subita

211 1124 414 1198 mutatione
429 1149 604 1198 converso
616 1178 627 1212 ,
649 1125 774 1225 ingens
790 1123 1035 1223 fragmentum
1047 1146 1097 1195 ex
1111 1119 1226 1222 glacie
1236 1121 1279 1193 si·

211 1242 289 1316 mul
305 1267 389 1315 eum
406 1241 581 1343 grandine
596 1241 766 1317 decidisse
780 1256 962 1330 narratur,
979 1243 1081 1342 cnjus
1093 1236 1277 1342 longitudo

210 1356 441 1459 quindecim,
468 1358 622 1432 latitudo
650 1372 807 1457 septem,
837 1353 1036 1430 crassitudo
1060 1353 1157 1431 duos
1183 1352 1276 1457 pedet

212 1472 374 1548 habuisse
392 1474 539 1548 dicitur.

629 2276 873 2353 DCCCXXV.

265 2439 375 2513 Sacro
401 2438 558 2512 Paschali
584 2438 676 2513 festo
709 2438 920 2514 solemniter
946 2436 1170 2540 Aquisgrsni
1195 2437 1278 2513 eele-

215 2552 343 2647 brato,
361 2553 543 2628 arridente
562 2555 670 2629 etiam
691 2581 801 2629 verna
821 2554 994 2655 temperie
1005 2554 1077 2655 (r),
1092 2555 1280 2657 imperetur

216 2671 370 2747 venandi
381 2672 495 2772 gratia
508 2671 773 2772 Noviomagum
783 2671 987 2772 proiectam,
1003 2671 1142 2774 legatos
1157 2668 1281 2773 Balga-

216 2816 344 2865 rorum
361 2789 456 2862 circa
472 2787 632 2864 medium
648 2790 785 2863 maium
800 2788 1023 2891 Aquasgrani
1044 2787 1176 2865 venire
1194 2810 1282 2891 pete-

218 2909 326 3007 cepit.
346 2907 438 2981 Nam
455 2907 506 2980 sie
523 2906 586 2982 ilto
603 2908 735 2982 reverti
753 2908 897 2997 statuit,
916 2904 1107 2982 habiturus
1124 2902 1179 2981 ibi
1200 2928 1283 2981 ouu-

217 3039 386 3112 rentum‚
404 3047 514 3123 quem
529 3022 574 3097 de
590 3022 777 3098 Britannia
796 3047 988 3126 regressus,
1006 3048 1052 3099 eo
1067 3048 1107 3098 se
1124 3038 1283 3125 tempore

219 3137 354 3214 ibidem
371 3138 502 3214 habere
519 3139 609 3214 velle
627 3140 685 3238 (a)
704 3138 939 3241 optimatibus
954 3136 1193 3215 inditavemt.
1208 3138 1284 3237 Q¹¹⁰

218 3283 322 3346 cum,
340 3272 483 3356 peracta
499 3259 709 3348 venatione,
728 3257 854 3334 fuisset
868 3284 1046 3367 reversus,
1063 3256 1285 3361 Balgarioam

218 3374 435 3474 legationem
451 3373 588 3447 audivit
598 3403 609 3461 ;
633 3390 711 3449 erat
729 3375 828 3450 enim
848 3373 893 3450 de
916 3374 1085 3450 terminis
1099 3400 1144 3449 sc
1159 3370 1286 3450 finibus

219 3491 316 3563 inter
331 3488 505 3588 Balgaros
516 3514 557 3561 ac
570 3490 728 3565 Franoos
745 3488 1020 3566 constituendis.
1037 3488 1240 3567 affixerant
1253 3487 1285 3560 in

219 3605 345 3680 eodem
359 3620 542 3680 conventu
556 3629 649 3707 pene
663 3632 788 3682 omnes
802 3606 999 3681 Britanniae
1014 3604 1220 3707 primores,
1235 3603 1286 3677 in-

219 3738 275 3797 ter
287 3748 378 3825 quos
392 3737 429 3798 et
439 3722 725 3799 Wihomarchus
736 3725 805 3826 (5),
821 3725 884 3827 qui
895 3722 1120 3827 perfidiosus
1132 3736 1284 3801 ettotam

254 4022 293 4090 (ι)
312 4019 345 4074 D.
362 4019 449 4093 Booq.
462 4030 491 4075 et
503 4020 594 4076 Nuen.
607 4038 699 4078 comet
711 4045 717 4077 τ
731 4043 759 4079 a.
770 4023 834 4098 jam
844 4043 933 4082 nemo
947 4033 1083 4098 tempore.

255 4113 294 4177 (a)
313 4109 420 4164 Iidem:
436 4109 604 4166 habiturum.

256 4194 294 4268 (ὃ)
312 4196 363 4253 All.
385 4188 571 4266 Wt'omarcits,
590 4200 791 4258 Wiltomarnns.
