3000 5272
128 396 132 401 “
209 413 267 469 iso
641 406 829 466 usuouus.

209 536 387 637 {ligereut
414 536 497 627 Quo
515 537 646 610 nuntio
663 552 883 625 commotus,
904 538 1067 611 adunatis
1083 566 1168 641 quoe
1194 556 1267 615 tum

210 655 254 728 ad
267 680 303 727 se
315 664 505 738 venerant,
524 678 682 752 quasque
693 668 776 725 ante
792 678 913 726 secum
925 653 1098 745 hsbebat,
1114 658 1268 731 Franoo·

210 798 293 845 mun
310 770 441 869 copiis,
459 769 503 840 ad
525 768 646 841 locum
665 767 727 841 ubi
746 769 803 867 (1)
821 772 1023 871 congregati
1043 789 1172 863 erant,
1198 775 1268 848 sine

209 886 382 961 dilatione
405 883 587 984 profectus
611 900 686 972 est,
709 910 990 988 congressusque
1012 914 1098 961 cum
1121 890 1194 979 eia,
1218 916 1270 963 es-

69 1050 78 1061 ·
211 1004 376 1101 demque
394 1018 429 1074 et
445 1001 544 1098 prius
560 1000 730 1073 felicitate
742 1001 938 1075 dimicavit.
958 1003 1056 1077 Coesa
1072 1020 1129 1077 est
1151 1031 1269 1079 eorum

212 1120 351 1192 infinita
366 1117 576 1206 multitudo,
591 1118 773 1218 spoliaque
781 1119 932 1218 direpta,
949 1122 1178 1220 captivorum
1188 1148 1270 1221 quo

209 1263 281 1337 que
308 1262 457 1334 magnus
481 1232 656 1307 abductus
684 1252 735 1308 est
765 1262 946 1309 numerus.
978 1236 1066 1313 Inde
1089 1238 1212 1313 victor
1232 1237 1270 1309 ad

211 1356 389 1428 orientem
402 1354 470 1427 iter
480 1355 674 1443 convertit,
688 1355 879 1455 primoque
891 1356 1057 1457 usquead
1073 1356 1269 1443 Wisurarn,

210 1472 338 1548 deinde
365 1497 476 1570 usque
496 1469 539 1543 ad
556 1468 699 1543 Albiam
718 1472 773 1569 (a)
792 1486 917 1543 cuncta
943 1470 1165 1547 devastando
1193 1498 1272 1571 per·

210 1589 357 1691 agravit.
376 1584 463 1661 lude
479 1613 641 1661 reversus
660 1589 697 1661 in
721 1588 927 1677 Franciam‚
946 1588 1051 1663 duxit
1062 1616 1217 1665 uxorem
1232 1588 1272 1663 li·

211 1705 297 1777 liam
327 1702 465 1777 Radolfi
492 1704 548 1802 (3)
566 1704 708 1776 comitis
737 1704 884 1777 natione
911 1706 1085 1777 Francam
1097 1758 1111 1793 ,
1131 1704 1272 1779 nomine

212 1819 415 1895 Fastradam
423 1872 434 1908 ,
451 1846 494 1893 ex
505 1846 574 1921 qua
591 1820 677 1893 duas
692 1820 780 1893 filias
796 1822 1011 1920 promserit.
1028 1822 1173 1897 Eodem
1184 1846 1271 1897 anuo

211 1936 380 2013 defuncta
394 1951 448 2009 est
459 1933 567 2011 bonae
580 1938 764 2011 memoriae
781 1953 897 2013 mater
910 1939 1003 2037 regis
1016 1936 1217 2013 Berhtmds
1227 1962 1270 2011 iv.

213 2053 265 2127 ld.
277 2055 298 2124 J
301 2053 350 2127 ul.
364 2053 492 2152 ipsein
506 2054 709 2127 Heristallio
719 2054 804 2127 villa
815 2052 951 2129 ibidem
964 2052 1190 2129 hiematurus
1197 2078 1271 2129 ooo

212 2169 323 2255 sedit,
343 2166 465 2268 ibique
477 2169 631 2243 natalem
645 2170 791 2245 Domini
804 2197 846 2243 ac
859 2185 1025 2243 sanctum
1037 2168 1172 2243 Pascha
1188 2169 1271 2243 eele-

212 2283 345 2357 brevit.

592 2494 891 2568 occuxxxlv.

261 2661 352 2733 Gum
377 2659 538 2757 primum
575 2658 805 2755 oportunitas
832 2658 1005 2756 temporis
1037 2657 1210 2745 admit,
1233 2656 1270 2729 ad

213 2775 380 2875 reliquias
388 2773 473 2846 belli
485 2773 649 2845 saxonici
662 2772 902 2847 conficiendos
911 2800 974 2847 rex
987 2774 1113 2849 snimo
1121 2776 1270 2861 intento,

214 2915 298 2963 cum
312 2889 472 2963 exercitu
488 2888 526 2961 in
543 2888 625 2961 loeo
637 2888 700 2987 qui
714 2887 910 2986 lippeham
923 2890 980 2988 (4)
995 2904 1172 2979 vocatur,
1188 2890 1271 2965 lire·

214 3034 302 3081 num
317 3005 456 3104 traJecit
467 3004 522 3102 (5)
530 3058 542 3093 ,
560 3022 598 3077 et
613 3005 756 3077 vastatis
770 3006 1029 3080 Westsalorum
1046 3008 1167 3107 pagis,
1183 3004 1270 3081 rasit

212 3126 256 3197 ad
274 3123 472 3197 Wisuram.
492 3119 656 3219 Cumque
669 3121 708 3193 in
722 3121 864 3195 eolooo
881 3124 943 3221 qui
960 3120 1119 3195 Hueulbi
1131 3121 1268 3203 dicim,

213 3243 337 3315 castris
353 3264 459 3338 super
478 3238 629 3313 fluvium
649 3240 775 3337 positis
800 3238 1036 3329 consedisset,
1064 3239 1160 3313 vidit
1181 3266 1218 3313 se
1235 3238 1267 3309 io

213 3358 431 3461 aquilonales
451 3357 615 3431 Suxoniae
638 3373 776 3455 partes,
799 3357 892 3429 sicut
919 3371 1112 3445 statuerat,
1133 3370 1266 3457 proptu

215 3478 342 3553 nimias
354 3500 528 3576 aqimrum
544 3472 816 3561 inundationes,
835 3500 918 3575 quae
931 3491 1010 3546 tum
1025 3473 1085 3573 (6)
1095 3472 1219 3547 subito
1229 3494 1263 3543 ιι

216 3654 536 3671 b—-at———t——nvo-——u--t

245 3751 287 3819 (r)
303 3749 349 3803 Sic
361 3744 452 3800 Peru.
466 3755 495 3798 et
511 3744 545 3796 D.
559 3743 646 3817 bouq.
657 3772 694 3785 -
704 3743 843 3797 Prehems
859 3768 864 3796 :
881 3760 944 3815 (μω.

248 3842 287 3911 (a)
305 3839 339 3892 l).
354 3838 440 3909 llouq.
456 3834 560 3888 Albim.

248 3928 287 4000 (3)
304 3928 359 3984 All.
374 3924 501 3999 liudulfi.
518 3923 650 3989 kadoldi,
667 3922 807 3995 Roodolst.

248 4020 288 4087 (l)
306 4017 359 4070 All.
373 4016 520 4085 lippeam,
536 4010 833 4083 tippia,tippehce'n1.

250 4106 288 4176 (ri)
307 4103 395 4159 Codd.
412 4100 572 4155 l'inslobon.
591 4118 639 4152 iro
652 4110 680 4152 et
691 4118 744 4171 99⁰
760 4125 765 4151 ε
782 4103 917 4152 transivit.

253 4199 287 4265 ’6)
307 4197 426 4250 uuonan
441 4208 532 4244 comes
548 4214 553 4241 t
571 4200 626 4240 lum
640 4190 738 4242 subito.
