3000 5272
219 402 261 464 st
470 400 566 464 vm
586 401 734 465 msott
756 402 1029 469 tuenstroms.

218 532 412 606 minimum
425 533 576 607 terroris
592 531 753 608 incussit.
772 535 926 615 Dimisso
938 534 1066 612 deinde
1078 537 1117 610 in
1129 534 1272 638 Aquita·

218 652 317 724 uiam
333 649 430 739 filio,
448 650 524 751 ipse
539 675 641 726 more
657 651 786 745 solito,
809 654 971 754 quamvis
987 666 1168 728 senectute
1186 677 1272 726 con-

218 765 351 855 fectus,
371 790 447 840 non
460 767 566 866 longe
583 792 601 838 a
619 767 714 868 regia
730 767 889 869 Aquensi
905 783 1074 843 venatum
1088 765 1275 868 proficisci·

218 896 294 973 tur,
308 896 504 983 exactoque
520 881 558 954 in
573 879 817 981 hujuscemodi
831 885 979 985 negotio
990 883 1088 985 quod
1099 883 1275 983 reliquum

219 1013 296 1072 erat
320 997 505 1087 autumni,
531 998 624 1070 circa
648 998 814 1073 kalendas
835 1000 1050 1075 Novembris
1065 996 1275 1101 Aquisgrani

217 1113 425 1187 revertitur.
438 1112 602 1214 Cumque
617 1112 667 1185 ibi
681 1113 865 1215 hyemaret
876 1116 947 1216 (1),
960 1141 1082 1189 mense
1093 1110 1275 1204 ianuario,

217 1228 442 1304 sebresalida
459 1246 659 1329 correptus,
675 1230 860 1305 decubuit.
875 1231 946 1326 Qui
965 1232 1105 1320 statim,
1117 1245 1162 1302 ut
1174 1228 1214 1301 in
1226 1227 1277 1302 fe·

217 1343 344 1420 bribns
354 1344 509 1436 solebat,
524 1345 596 1419 cibi
610 1347 678 1421 sibi
692 1347 949 1424 abstinentiam
963 1348 1110 1441 indixit,
1124 1346 1278 1420 arbitra·

218 1476 276 1534 tus
289 1460 355 1540 bac
366 1464 418 1561 (α)
433 1463 656 1536 continentia
670 1461 841 1537 morbum
855 1489 959 1564 posse
973 1462 1104 1564 depelli
1117 1461 1176 1536 vel
1188 1474 1279 1535 certo

215 1575 374 1679 mitigari
383 1606 394 1667 ς
411 1576 471 1651 sed
484 1577 673 1653 accedente
683 1578 728 1652 ad
738 1578 878 1654 febrem
890 1580 1010 1654 lateris
1021 1577 1164 1668 dolore,
1175 1600 1279 1679 quem

215 1692 334 1768 Graeci
350 1693 530 1793 pleuresin
539 1695 593 1793 (ὅ)
610 1694 737 1769 dicunt
752 1696 809 1794 (4)
823 1748 835 1784 ,
850 1695 986 1796 illoque
998 1693 1116 1767 adhuc
1128 1691 1280 1767 inediam

214 1811 417 1898 retinente,
443 1836 560 1910 neque
582 1835 712 1911 corpus
732 1811 837 1887 aliter
857 1838 967 1913 quam
987 1811 1173 1885 rarissimo
1193 1822 1281 1909 potu

216 1941 458 2015 sustentante,
484 1927 638 2026 septimo
660 1942 852 2028 postquam
875 1927 1047 2002 decubuit
1071 1927 1155 2017 dic,
1187 1948 1279 1998 sacra

216 2044 473 2119 communione
485 2060 672 2143 percepta,
689 2045 860 2135 decessit,
874 2072 972 2121 anno
985 2045 1101 2119 aetatis
1114 2068 1191 2116 suae
1207 2067 1281 2141 sep·

216 2161 413 2262 tungesimo
430 2161 605 2250 secundo,
622 2176 659 2234 et
675 2186 719 2234 ex
733 2189 809 2262 quo
826 2188 975 2264 regnare
991 2174 1174 2262 coeperat,
1191 2184 1281 2261 qua·

214 2278 415 2380 dragesimo
430 2277 603 2378 septimo,
624 2303 662 2350 v.
680 2279 856 2353 Kalendas
879 2277 1067 2355 Februarii
1087 2277 1169 2376 (5),
1196 2274 1281 2350 bora

214 2395 285 2469 diei
303 2395 420 2469 tertia.

261 2626 408 2700 xxxi.
435 2625 576 2724 Corpus
587 2652 691 2701 more
706 2627 898 2725 sollempni
912 2626 1030 2700 lotum
1041 2639 1080 2698 et
1092 2637 1282 2714 contum,

214 2758 252 2819 et
263 2743 421 2815 maximo
437 2744 548 2816 totius
560 2743 686 2843 populi
705 2744 806 2816 luctu
825 2742 984 2817 ecclesiae
1002 2740 1163 2814 inlatum
1176 2752 1285 2839 atque

214 2861 402 2934 humatum
416 2874 483 2934 est.
501 2858 716 2934 Dubitatum
730 2875 783 2934 est
795 2861 930 2959 primo,
947 2858 1010 2932 ubi
1023 2858 1160 2958 reponi
1176 2850 1286 2932 dobo-

212 2990 289 3064 ret,
301 3000 346 3049 eo
357 2973 457 3075 quod
471 2974 544 3073 ipse
557 2975 658 3048 vivus
673 2975 718 3049 de
735 2975 805 3049 hoc
823 2974 916 3048 nibil
933 2973 1186 3075 praecepissem
1200 2987 1285 3045 tan·

210 3092 295 3166 dem
306 3089 472 3164 omnium
483 3090 613 3162 animis
626 3090 796 3189 sedit(6),
809 3115 987 3191 nusquam
997 3114 1084 3163 eum
1095 3086 1288 3163 honestis»

211 3205 384 3281 tumulari
406 3230 529 3304 posse,
547 3231 658 3307 quam
675 3207 715 3279 iu
731 3232 771 3281 on
786 3204 949 3294 basilica,
967 3231 1079 3306 quam
1098 3205 1181 3305 ipse
1196 3226 1288 3304 pro·

210 3337 294 3424 pter
308 3346 469 3395 amorem
484 3322 550 3396 Ilei
563 3339 601 3396 et
611 3322 752 3397 domiui
769 3323 886 3396 nostri
899 3322 984 3396 Jesu
999 3320 1163 3411 Christi,
1184 3337 1226 3396 et
1238 3316 1287 3395 ob

210 3437 390 3514 bonooem
405 3452 536 3510 sancte
554 3450 593 3511 et
610 3452 759 3512 oeternae
778 3436 959 3536 Virginis,
980 3435 1175 3537 genitricis
1190 3437 1285 3536 ein,

244 3735 284 3805 (ι)
301 3728 371 3786 eod.
385 3729 498 3784 Cotton.
514 3728 594 3796 (Tib
610 3745 635 3780 c.
645 3730 694 3795 ss.)
709 3749 715 3778 ε
731 3724 908 3778 hiemaverat.

243 3821 284 3890 (a)
299 3815 390 3876 Codtl·
406 3813 566 3869 b'indobon.
581 3832 617 3887 9⁰
629 3825 658 3868 et
670 3810 851 3867 zwetlensis:
867 3813 897 3862 in
910 3807 971 3861 liae.

243 3906 282 3979 (3)
300 3909 319 3961 l.
333 3926 359 3961 e.
373 3907 507 3973 rutupina.

242 4000 282 4066 (l)
300 3994 391 4052 eodd.
406 3993 476 4064 teg.
492 3991 553 4044 Par.
566 3986 637 4060 5943
650 3998 678 4041 et
690 3987 762 4059 5599
773 3996 801 4038 et
815 3983 938 4037 Noenu.
951 4000 1045 4037 eomes
1059 4008 1066 4037 :
1083 3998 1206 4042 vocas,

243 4082 284 4151 (5)
300 4082 371 4137 eod.
382 4080 519 4137 Christin.
535 4076 637 4146 Regin.
648 4076 701 4147 ⁶9²
716 4098 721 4123 :
738 4071 886 4126 Kalendas
899 4069 1079 4127 Fetmants.

243 4177 282 4246 (6)
299 4177 389 4233 Codri.
407 4173 567 4231 l'indobsn.
583 4167 636 4223 338
653 4179 681 4222 ct
702 4165 865 4222 zwetlensis
881 4190 887 4216 2
902 4162 1013 4219 insedit.
