3000 5272
213 393 273 454 2³8
650 387 840 449 motus

212 519 347 597 Eburis
366 519 424 619 (1)
448 519 597 592 nominc
608 572 618 606 ,
639 519 758 619 quiin
777 517 904 594 eodem
920 521 1051 622 praelio
1071 519 1170 611 fuit,
1191 538 1229 597 ct
1245 524 1278 597 in

212 636 476 713 Abodritorum
497 635 572 708 acie
591 633 759 708 dextrum
775 659 892 710 cornu
915 637 1046 710 tenuit.
1065 638 1153 711 Fusi
1174 637 1279 740 igitur

212 755 418 858 fugatique,
437 768 474 827 et
489 752 613 825 multis
630 777 781 826 suorum
798 752 957 847 amissis,
982 780 1064 827 cum
1080 779 1214 856 magns
1228 780 1280 829 α-

211 873 373 947 lamitate
390 869 435 943 ad
451 869 528 945 loca
545 896 607 942 sna
624 870 754 943 reversi
774 883 872 943 sunt.
892 867 941 942 At
957 896 1020 944 rex
1040 871 1080 943 in
1096 871 1281 945 Francicus

211 1014 391 1090 regressus
403 1039 413 1074 ,
443 1011 527 1058 cum
550 986 772 1086 Aquasgrani
799 985 975 1078 venisset,
1003 988 1125 1086 primo
1151 985 1281 1089 legatos

211 1110 365 1183 Herenae
384 1104 618 1204 imperatricis
641 1103 685 1176 ad
702 1131 739 1178 se
756 1104 802 1177 de
819 1103 1140 1206 Constantinopoli
1161 1104 1282 1180 missos

213 1224 492 1298 audivit-nam
506 1221 766 1295 Constantinus
780 1220 875 1295 filius
887 1224 962 1320 ejus
976 1237 1130 1324 propter
1140 1249 1281 1299 morum

213 1338 479 1413 insolentiama
502 1336 575 1407 suis
597 1335 875 1435 comprehensus
896 1354 933 1413 et
956 1354 1157 1413 excecatus
1177 1352 1282 1414 est-

213 1454 345 1558 quibus
369 1451 598 1553 petentibus,
634 1453 822 1528 Sissinium
851 1456 932 1554 (2),
968 1455 1121 1532 fratrem
1150 1457 1280 1530 anssii

213 1569 607 1670 constantinopolitani
628 1570 805 1670 episcopi,
827 1571 915 1646 olim
935 1573 973 1645 in
991 1572 1120 1672 prselio
1140 1587 1281 1673 ceptum

211 1689 363 1764 domum
377 1685 496 1760 redire
512 1687 689 1784 permisit.
708 1688 831 1787 legisti
846 1686 948 1762 fuere
963 1685 1136 1779 Michsel,
1154 1714 1281 1791 cogno

213 1819 338 1880 mento
360 1801 600 1903 Ganglianos,
625 1817 662 1876 et
678 1801 902 1903 Theophilus
926 1801 1120 1905 presbyter
1135 1802 1183 1879 de
1203 1803 1281 1878 uts-

214 1921 369 1996 chernis.
388 1920 475 1992 Post
490 1943 649 2018 quornm
665 1915 932 1994 absolutionem
947 1935 1128 2017 uenerunt
1143 1919 1192 1996 de
1205 1920 1280 1995 llis·

213 2039 318 2138 pnnia
351 2036 455 2136 legati
490 2033 683 2109 lladefonsi
719 2036 834 2136 regis,
869 2037 1057 2111 Basiliscus
1088 2053 1127 2113 et
1155 2039 1278 2128 Froie,

214 2181 363 2228 munera
380 2152 580 2226 deferentes
597 2178 680 2252 quae
702 2151 762 2226 ille
781 2152 826 2226 de
845 2152 1043 2243 manubiis,
1062 2178 1154 2255 quas
1169 2156 1281 2231 victos

213 2272 307 2373 apud
324 2271 546 2371 Olisiponem
564 2270 619 2368 (ὅ)
636 2270 818 2344 civitatem
834 2297 854 2344 a
873 2298 910 2346 se
925 2286 1169 2373 expugnatam
1182 2299 1281 2374 cepe·

214 2407 287 2480 rat,
302 2391 377 2490 regi
391 2389 536 2463 mittere
545 2388 703 2477 curavit,
718 2389 865 2461 Mauros
875 2388 1281 2490 videlicetseptemcum

213 2507 366 2583 totidem
384 2505 491 2578 mulis
510 2521 618 2605 atque
634 2503 775 2596 loricis,
793 2531 876 2606 quse
895 2504 981 2580 licet
996 2530 1065 2605 pro
1083 2504 1188 2580 dono
1201 2506 1282 2579 mit-

213 2641 391 2712 terentur,
412 2621 524 2722 magis
547 2637 667 2694 tamen
691 2621 843 2722 insignia
865 2621 1029 2697 victorius
1050 2620 1278 2697 ridebuntur.

214 2740 313 2833 Quos
328 2755 365 2812 et
381 2736 537 2837 benigne
553 2737 725 2836 suscepit,
749 2751 787 2810 et
813 2750 1061 2813 remuneratos
1081 2735 1281 2813 honorifice

212 2855 361 2928 dimisit.
386 2853 517 2927 lnsulae
534 2853 714 2941 Baleares,
731 2879 815 2954 quae
834 2878 936 2927 nunc
950 2850 996 2927 ab
1014 2852 1145 2928 incolis
1161 2876 1280 2929 earm

212 2973 382 3072 Majorica
407 2986 444 3045 et
465 2970 645 3044 Minorica
662 2971 883 3060 vocitantur,
902 2970 1073 3044 eMnuris
1092 2970 1279 3072 piraticum

212 3087 461 3165 exercentibus
483 3087 698 3188 depraedatse
723 3103 822 3161 sunt.
851 3090 929 3164 Rex
954 3114 1042 3163 vero
1064 3086 1278 3192 Aquisgrsni

211 3207 402 3296 hiemavit,
426 3221 462 3280 et
485 3203 535 3278 ibi
552 3205 715 3281 Natalem
736 3206 884 3281 Domini
905 3220 942 3280 et
960 3203 1093 3280 Pascha
1115 3206 1179 3306 (4)
1195 3204 1279 3282 cele·

210 3324 342 3399 bravit.

245 3601 256 3671 (
262 3602 285 3672 ι)
303 3598 425 3654 Nuenar.
440 3614 511 3651 com.
524 3607 553 3652 et
561 3596 596 3650 D.
611 3595 699 3672 Bnuq.
713 3596 898 3653 Blaminae.

244 3692 284 3762 (a)
302 3687 357 3746 All.
373 3688 537 3754 Somnium,
553 3686 697 3754 Sisimnm,
713 3685 865 3742 Sisinsium.

245 3777 285 3853 (3)
302 3779 358 3836 All.
381 3777 601 3850 Olisiponem,
625 3775 821 3848 thomm,
849 3775 1027 3849 Ola'ss'pinm,
1054 3771 1274 3850 θζγεειρωω,

214 3870 413 3943 Olisipponam.

245 3961 284 4025 (4)
303 3956 337 4010 D.
353 3956 441 4029 Bonq.
456 3964 486 4009 et
499 3953 588 4008 Nncn.
602 3971 694 4009 comes
709 3979 714 4008 :
730 3975 758 4025 p.
772 3953 944 4010 momolito.
