3000 5272
208 405 269 464 tot
458 400 553 463 vm
574 399 720 461 KAROLl
743 397 1017 461 tucssnatottls.

211 564 230 603 n
250 532 420 621 Colonia,
438 533 729 632 Mogontiacum,
744 531 920 605 Juvavum
940 556 1023 633 quoa
1034 544 1073 606 ct
1084 528 1265 634 salzburg,

211 681 228 718 o
250 650 436 742 Treveris,
454 649 633 742 Senones,
650 649 885 738 Vesontium,
901 647 1141 750 Lugdunum,
1159 648 1270 727 lluto-

210 796 228 837 u
246 793 368 867 magus
378 819 390 855 ,
409 767 549 854 Remis,
571 765 713 854 Arelas,
732 766 891 859 Vienna,
905 766 1133 857 Darantasia,
1150 765 1272 843 Etm-

210 914 227 952 κ
249 881 414 971 dunum,
447 881 658 984 Burdigala,
693 885 883 967 Turones,
918 883 1111 984 Bituriges.
1160 883 1272 959 Unius

210 1031 227 1068 u
249 1013 369 1071 autem
390 1000 501 1098 partis
517 1025 625 1098 quam
649 1000 825 1099 integram
842 1000 1017 1074 reseruari
1035 998 1174 1089 voluit,
1201 1000 1273 1074 talis

210 1148 228 1185 u
250 1131 304 1189 est
326 1116 439 1202 ratio,
459 1132 523 1206 ut,
544 1115 614 1188 illis
630 1114 767 1188 duabus
789 1118 828 1188 in
848 1115 1067 1215 supradictas
1084 1114 1273 1192 divisiones

209 1231 451 1305 «distributis
477 1250 514 1307 et
536 1231 604 1306 sub
626 1233 743 1334 sigillo
765 1232 980 1322 reconditis,
1001 1230 1079 1306 hoec
1103 1233 1215 1308 tertia
1240 1233 1273 1307 in

208 1380 230 1419 a«
249 1376 315 1422 usu
326 1348 538 1451 quotidiano
552 1351 607 1449 (1)
626 1367 848 1439 versaretur,
865 1350 965 1425 velut
977 1376 1033 1424 res
1051 1375 1166 1452 quum
1180 1349 1273 1425 nulla

214 1497 232 1537 u
254 1467 328 1542 voti
339 1466 562 1568 obligatione
574 1494 593 1538 a
604 1466 991 1568 dominiopossideutis
1005 1466 1274 1543 alienatamtsse

211 1599 449 1673 «constaret,
478 1600 515 1659 et
540 1582 609 1657 hoo
628 1582 765 1657 tamdiu
786 1585 858 1685 (2),
881 1582 1116 1685 quoadusque
1141 1583 1202 1659 vel
1220 1582 1274 1658 illo

211 1727 228 1765 n
248 1698 433 1774 mansisset
444 1700 483 1771 in
496 1725 669 1799 corpore,
684 1699 742 1772 vel
755 1725 860 1773 usum
872 1701 946 1798 ejus
955 1695 1024 1771 sibi
1039 1698 1274 1775 amoarium

211 1845 229 1882 a
244 1813 434 1912 judicaret.
454 1817 540 1889 Post
561 1816 703 1890 obitum
720 1843 806 1892 vero
823 1843 928 1890 suum
950 1830 1013 1888 aut
1034 1815 1274 1891 voluntariam

212 1932 463 2007 «secularium
484 1961 607 2008 rerum
633 1936 851 2024 carentiam,
870 1934 992 2009 eadem
1014 1960 1098 2032 pars
1120 1950 1274 2036 quatuor

211 2049 556 2128 «subdivisionibus
581 2071 786 2143 secaretur,
817 2068 855 2127 et
881 2078 953 2125 una
979 2051 1128 2152 quidem
1156 2076 1273 2129 curum

211 2196 230 2234 u
250 2167 460 2265 supradictis
478 2169 604 2269 viginti
624 2184 661 2242 et
677 2169 741 2246 uni
759 2167 922 2268 partibus
945 2168 1151 2256 adderetur,
1171 2168 1274 2244 alten

213 2312 230 2350 u
248 2310 267 2354 a
285 2282 368 2355 filiis
390 2310 431 2355 ac
448 2281 589 2356 filiabus
611 2285 703 2373 suis,
722 2283 876 2385 filiisque
897 2309 939 2356 ac
960 2281 1102 2356 filiabus
1119 2282 1274 2359 filiorum

213 2428 230 2465 u
250 2423 398 2473 suorum
412 2416 609 2499 assumpta,
621 2403 717 2499 justa
729 2416 767 2474 et
782 2399 988 2473 rationabili
1008 2401 1106 2474 inter
1123 2424 1187 2475 eos
1201 2426 1273 2501 pur

213 2544 231 2580 n
251 2513 382 2589 titione
396 2513 633 2606 divideretur3
649 2517 754 2589 tertia
770 2542 872 2610 vero,
890 2530 1063 2591 consueto
1076 2514 1274 2591 christianis

213 2660 231 2696 n
250 2655 367 2718 more,
384 2631 423 2703 in
433 2657 538 2706 usum
549 2660 749 2733 pauperum
762 2631 1124 2732 fuisseterogata(3);
1137 2648 1271 2734 quarta,

214 2777 232 2815 u
252 2747 359 2819 simili
371 2749 481 2822 modo
498 2752 647 2824 nomine
660 2753 898 2841 eleemosinae,
914 2752 953 2824 in
964 2776 1157 2826 servorum
1169 2766 1274 2826 etam

215 2895 233 2932 u
253 2865 418 2938 uillarum
434 2867 557 2940 usibus
573 2869 694 2968 palatii
716 2869 968 2942 famulantium
981 2857 1274 2945 sustentationem

215 3013 233 3051 u
253 2978 446 3057 distributa
464 2983 616 3058 veniret.
640 2985 695 3059 Ad
718 2984 809 3059 hauc
831 2988 977 3060 tertiam
998 2987 1113 3061 totius
1131 3011 1273 3061 summat

216 3126 233 3164 u
253 3097 487 3195 portionem,
504 3124 587 3198 quae
604 3099 769 3173 similiter
784 3116 826 3172 ut
844 3119 984 3176 caeterae
1002 3126 1046 3175 ex
1066 3126 1160 3176 auro
1177 3116 1216 3177 et
1228 3126 1274 3175 ar

216 3243 234 3281 u
252 3227 363 3312 gento
381 3228 540 3302 constat,
561 3214 705 3316 adjungi
723 3216 839 3290 voluit
851 3218 974 3291 omnia
990 3243 1034 3291 ex
1047 3244 1121 3292 aere
1136 3216 1274 3293 eticrrc

218 3469 425 3543 Saltaburgum.
437 3500 474 3513 -
498 3472 638 3528 Vesontio.
655 3501 691 3515 -
706 3474 895 3546 Rotomagus,
917 3469 1128 3543 Rodomagum,
1144 3468 1276 3525 naum

217 3577 279 3632 grta.
301 3589 337 3601 -
357 3561 473 3628 Amica,
498 3561 660 3630 Arelatum,
686 3562 797 3618 Arelas.
820 3592 856 3604 -
877 3561 1067 3624 Daraumta.
1093 3558 1276 3621 Datame

217 3647 339 3703 lluenar.
352 3667 444 3705 comes
459 3673 465 3703 ι
485 3651 665 3707 Toraatmio.
680 3683 713 3693 -
726 3651 928 3719 Ebrodonum,
948 3648 1147 3707 Ebredtmum.
1160 3646 1277 3705 -Bur-

218 3735 331 3811 degulu.
340 3768 376 3781 -
389 3741 524 3808 Turonis,
544 3741 900 3816 Turonus.-Biturigies,
917 3740 1055 3810 Biturt'es,
1069 3738 1226 3797 Bitutim.

252 3829 291 3900 (ι)
308 3829 352 3883 Itu
364 3828 469 3884 habent
481 3830 514 3886 D.
531 3830 629 3905 Bouq.‚
645 3832 768 3887 Nuenar.
783 3849 876 3887 comes
888 3840 918 3888 et
929 3828 1057 3904 plerique
1070 3828 1174 3899 codd-3
1187 3825 1281 3905 quint

218 3916 300 3974 codd.
315 3918 480 3981 catullum,-
495 3920 575 3975 Pertz
590 3944 596 3974 ε
611 3921 759 3977 cotidiano.

253 4009 292 4078 (a)
310 4008 407 4077 Pertz,
421 4025 485 4063 cum
499 4007 581 4063 codd.
593 4010 755 4066 Vindobou.
765 4007 832 4083 667,
846 4008 951 4064 Christ.
966 4007 1036 4080 ch.
1049 4003 1103 4082 637
1115 4018 1145 4064 et
1155 4006 1282 4067 vaunn-

221 4095 308 4170 5359:
326 4097 424 4153 madia
432 4125 440 4162 ,·
451 4098 531 4170 reliq.
545 4117 641 4154 omues
658 4125 663 4153 :
681 4097 796 4154 tamdiu.

255 4182 293 4255 (5)
312 4187 337 4240 N
340 4205 435 4242 uenas.
449 4205 520 4242 conr.
535 4197 564 4243 et
576 4185 638 4242 cod.
650 4187 811 4246 Vindobcn.
828 4187 875 4242 16:
891 4195 1063 4259 erogaretur.
