3000 5272
212 431 270 491 tut
455 425 632 490 etaemus
653 425 703 488 ET
724 423 1025 490 ttttttotttttttcs.

630 619 850 696 uccxttv.

257 779 367 855 iidem
396 778 544 867 frames,
577 777 840 852 Karlomannus
864 792 902 854 et
931 778 1125 878 Pippinus,
1150 783 1269 878 juncta

209 921 319 971 manu
339 895 531 970 Saxoniam
552 895 699 995 ingressi
718 908 826 982 sunt,
845 892 1133 994 praedictumque
1154 891 1271 968 'dheo-

209 1010 371 1085 dericum
390 1012 521 1085 iterum
537 1011 574 1085 in
591 1009 811 1084 deditionem
831 1023 1058 1108 acceperunt.

640 1231 845 1305 DCCXLV.

597 1427 834 1526 nccxtvl(
857 1429 887 1526 ).

261 1591 339 1668 Hoc
359 1614 457 1663 anno
478 1588 763 1677 Karlomannus,
789 1586 887 1689 quod
902 1585 965 1661 diu
981 1601 1064 1663 aute
1086 1585 1275 1685 pemmi-

214 1720 309 1780 tatus
323 1721 377 1782 est
393 1706 471 1804 (a),
490 1704 659 1805 patefecit
673 1703 777 1779 fratri
801 1730 867 1779 suo
889 1704 1066 1804 Pippino,
1084 1702 1275 1781 secularem

214 1823 524 1896 conversationem
538 1848 574 1896 se
587 1821 678 1896 velle
689 1821 871 1895 dimittere
882 1836 918 1894 et
928 1818 1054 1894 habitu
1065 1817 1276 1895 monachico

158 1991 161 1999 -
214 1939 291 2014 Deo
304 1940 449 2013 servire.
470 1940 623 2038 Propter
640 1937 709 2011 hoc
725 1939 867 2011 dimissa
885 1936 1113 2037 expeditione
1130 1938 1186 2035 (ὅ)
1197 1936 1276 2011 anni

214 2057 421 2153 praesentis,
452 2055 495 2126 ad
525 2071 607 2128 vota
635 2055 869 2128 Karlomanni
903 2052 1120 2154 perficienda
1150 2069 1189 2128 et
1216 2054 1278 2127 iter

215 2171 311 2244 illius
338 2171 604 2271 disponendum
629 2178 734 2271 (nam
762 2173 915 2246 Romam
940 2170 1120 2271 proficisci
1151 2185 1277 2244 statue

214 2293 290 2386 rat)
304 2304 341 2364 et
359 2288 533 2389 Pippinus
549 2286 707 2380 vacabat,
726 2287 813 2363 dans
827 2314 995 2390 operam,
1015 2302 1057 2359 ut
1080 2285 1197 2363 frater
1212 2284 1276 2361 ho-

214 2404 365 2481 norifice
389 2431 430 2478 ac
456 2404 625 2481 decenter
656 2405 748 2496 illo,
774 2430 849 2506 quo
875 2401 1121 2495 desiderabat,
1154 2429 1276 2504 perte·

215 2524 324 2596 niret.

630 2730 867 2805 nccxtvu.

268 2888 533 2961 Karlomanuus
556 2893 710 2964 Romam
737 2886 945 2989 profectus,
969 2888 1113 2962 dimissa
1136 2888 1275 2964 seculari

218 3003 331 3103 gloria
346 3003 509 3076 habitum
522 3007 674 3078 mutavit
687 3060 698 3095 ,
715 3023 751 3079 et
765 3007 801 3078 in
819 3022 945 3081 monte
958 3007 1096 3079 Soracti
1109 3021 1278 3080 monaste

220 3123 315 3194 rium
328 3122 365 3194 in
376 3121 554 3195 honorem
567 3124 679 3195 sancti
696 3122 856 3198 Silvestri
871 3123 1073 3212 aedificavit,
1090 3120 1153 3195 ubi
1166 3147 1277 3224 quon-

219 3239 301 3315 dam
329 3257 490 3342 tempore
518 3243 797 3342 persecutionis,
827 3269 908 3344 quae
942 3239 1009 3314 sub
1044 3240 1277 3314 Constantino

221 3356 439 3456 imperatore
463 3357 555 3432 facta
581 3374 655 3448 est,
685 3375 826 3432 sanctus
853 3357 1020 3432 silvester
1045 3356 1190 3431 latuisse
1212 3355 1278 3429 fer·

221 3487 294 3545 tur.
326 3473 453 3575 Ibique
482 3475 691 3576 aliquandiu
720 3492 989 3562 commoratus,
1021 3471 1164 3550 meliori
1197 3497 1279 3547 con·

255 3813 295 3884 (ι)
303 3811 455 3869 DCCXLV
466 3812 569 3885 tegitur
581 3814 656 3888 apud
665 3815 746 3872 codd.
758 3827 786 3871 et
795 3816 862 3872 edit
875 3828 905 3873 et
918 3818 957 3873 sic
965 3833 1109 3891 perperam
1119 3815 1278 3874 Dccxwt

221 3918 274 3974 pro
287 3899 486 3967 DCCXLV11;
500 3901 681 3959 DCCXLVII
696 3922 747 3977 pro
760 3904 974 3974 nccxtvnl,
992 3901 1056 3972 etc,
1069 3923 1158 3983 usquc
1171 3904 1207 3963 ad
1219 3923 1277 3960 ann.

224 3991 341 4049 occu.
355 3991 439 4063 Quod
449 3993 652 4048 restituendum
665 3995 745 4050 nobis
757 3997 847 4051 visum
859 4008 911 4051 est.

257 4098 296 4165 (a)
311 4096 343 4149 D.
359 4096 446 4169 Bouq.
458 4095 489 4150 id
499 4096 576 4168 quod
587 4097 694 4152 dudum
708 4118 799 4153 secum
810 4099 1022 4170 premeditatus
1036 4110 1086 4155 cst.

260 4194 298 4265 (3)
311 4197 344 4251 D.
358 4199 444 4271 Bouq.
458 4198 562 4254 dimisit
572 4199 785 4270 expeditionem.
