3000 5272
213 453 230 512 4
644 455 852 516 PROLOGUS.

211 584 390 679 etffiutrum
410 584 456 656 ab
470 584 540 658 alio
553 583 798 659 scriberentur
809 613 937 680 necne,
950 588 1089 688 liquido
1102 591 1193 663 scire
1206 617 1283 666 non

213 700 329 800 potui.
350 699 538 800 Satiusque
551 697 709 799 judicavi
725 700 849 775 eadem
866 728 949 775 cum
964 703 1041 776 aliis
1062 705 1161 779 velut
1179 733 1283 780 oom-

213 818 374 893 muniter
396 817 527 891 litteris
550 817 717 891 mandata
741 821 931 895 memoriae
953 837 1185 921 posterorum
1204 839 1283 895 tm-

212 937 320 1026 dere,
350 962 459 1038 quam
488 936 580 1036 regis
611 935 925 1026 excellentissimi,
958 955 995 1011 et
1025 941 1192 1012 omnium
1221 967 1283 1012 sua

214 1067 318 1127 aetate
341 1054 508 1143 maximi,
534 1052 766 1124 clarissimam
793 1055 904 1127 vitam
929 1071 965 1128 et
988 1056 1147 1163 egregios
1174 1072 1283 1157 atque

213 1169 377 1245 moderni
395 1170 568 1270 temporis
586 1167 795 1243 hominibus
808 1171 868 1242 vix
885 1169 1077 1246 imitabiles
1092 1187 1192 1244 actus
1208 1175 1283 1269 pati

214 1285 409 1360 oblivionis
428 1283 586 1358 tenebris
605 1283 755 1358 aboleri.
778 1282 932 1360 Suberat
949 1302 988 1359 et
1003 1286 1070 1359 alia
1091 1314 1172 1385 non
1189 1289 1283 1362 irra-

214 1400 419 1488 tionabilis,
444 1415 487 1472 ut
513 1402 660 1499 opinor,
686 1426 807 1489 causa,
836 1427 919 1500 quae
943 1401 1000 1488 yel
1023 1401 1097 1476 sola
1124 1403 1283 1478 sufficere

213 1531 351 1616 posset,
372 1530 415 1588 ut
430 1541 488 1588 me
507 1514 553 1586 ad
570 1514 647 1587 haec
663 1513 849 1589 scribenda
874 1516 1106 1615 compelleret
1129 1548 1137 1588 :
1158 1516 1283 1591 nutri-

212 1646 378 1706 mentum
390 1629 556 1703 videlicet
571 1631 608 1702 in
624 1656 682 1704 me
695 1632 912 1730 impensum,
931 1648 968 1704 et
980 1648 1168 1736 perpetua,
1184 1620 1283 1731 post-¹

214 1775 324 1850 qtaam
337 1750 375 1820 in
388 1748 465 1820 aula
479 1751 553 1848 ejus
567 1749 771 1844 conversari
784 1749 901 1848 coepi,
916 1773 1000 1820 cum
1015 1750 1093 1848 ipso
1105 1776 1146 1821 ac
1160 1748 1283 1824 liberis

212 1870 286 1967 ejus
302 1865 476 1952 amicitia,
495 1891 566 1966 qun
581 1890 640 1938 me
658 1865 706 1936 ita
723 1862 792 1937 sibi
809 1864 990 1963 devinxit,
1009 1861 1283 1967 debitoremque

214 2000 287 2056 tam
301 1983 385 2056 vivo
396 2009 506 2084 quam
524 1997 672 2055 mortuo
685 1983 897 2077 constituit,
917 2000 959 2054 ut
972 1985 1105 2086 merito
1121 1985 1283 2084 ingratus

213 2098 326 2173 videri
344 2112 380 2172 et
397 2097 550 2197 judicari
569 2121 710 2196 possem
717 2150 728 2186 ,
751 2098 780 2168 si
802 2111 858 2169 tot
880 2096 1141 2172 beneficiorum
1165 2100 1201 2170 in
1225 2125 1283 2173 me

213 2213 428 2288 collatorum
452 2212 509 2310 (1)
530 2212 744 2298 immemor,
768 2211 961 2284 clarissima
983 2228 1020 2287 et
1044 2213 1283 2286 illustrissima

214 2332 372 2407 hominis
388 2330 526 2429 optime
548 2329 593 2402 de
608 2355 667 2403 me
689 2328 810 2402 meriti
834 2346 931 2429 gesta
947 2329 1092 2405 silentio
1116 2333 1283 2430 praeteri-

213 2476 311 2538 rem,
329 2463 541 2547 patererque
554 2447 666 2518 vitam
678 2447 774 2544 ejus,
789 2446 889 2545 quasi
907 2448 969 2546 qui
984 2471 1172 2547 nunquam
1186 2444 1283 2522 uixe-

211 2569 281 2656 rit,
300 2568 377 2639 sine
393 2564 524 2638 litteris
538 2589 579 2635 ac
599 2561 719 2636 debita
737 2560 1003 2637 laudemanere
1017 2565 1086 2662 (2).
1105 2565 1172 2636 Cui
1189 2566 1283 2636 scri-

213 2681 342 2757 bendae
373 2695 480 2779 atrine
512 2677 731 2778 explicandae
766 2704 843 2752 non
876 2704 997 2752 meum
1030 2679 1280 2781 ingeniolum,

212 2797 313 2901 quod
335 2795 426 2868 exile
448 2812 485 2867 et
507 2819 679 2892 parvum,
708 2795 819 2866 immo
840 2820 931 2892 pene
953 2793 1096 2866 nullum
1121 2800 1195 2882 est,
1221 2797 1283 2868 sed

213 2916 417 2990 Tullianam
443 2939 508 3010 par
537 2924 614 2983 erat
639 2908 811 2982 desudare
837 2911 1186 3005 facundiam-Ep
1214 2912 1282 2986 tibi

213 3033 368 3118 librum,
389 3025 651 3128 praeclarissimi
667 3041 704 3098 et
720 3025 866 3097 maximi
885 3027 953 3098 viri
969 3030 1180 3102 memoriam
1195 3055 1283 3103 con·

213 3152 409 3235 tinentem,
431 3147 468 3216 in
487 3168 561 3244 quo
577 3156 711 3242 praeter
728 3140 823 3214 illius
839 3141 932 3216 lacta
950 3161 1095 3218 nonest
1112 3145 1211 3244 quod
1224 3145 1283 3218 ad·

211 3269 374 3355 mireris,
399 3263 467 3336 nisi
494 3263 610 3350 forte,
636 3259 735 3360 quod
759 3258 871 3336 bomo
897 3260 1070 3335 barbarus
1095 3263 1152 3361 (ὅ)
1179 3278 1217 3336 et
1243 3266 1281 3335 in

214 3410 363 3460 romana
384 3380 569 3454 locutione
588 3403 783 3475 perpurum
805 3379 1037 3468 exercitatus,
1063 3374 1283 3480 aliquid'me

212 3503 381 3577 decenter
402 3513 464 3569 aut
486 3492 674 3568 commode
695 3492 805 3566 latine
827 3492 984 3567 scribere
1004 3520 1107 3594 posse
1130 3512 1282 3595 putave-

211 3622 302 3706 rim,
322 3634 430 3717 atque
453 3615 490 3686 in
516 3627 655 3683 tantam
679 3610 938 3708 impudentiam
958 3613 1211 3711 proruperim,
1239 3629 1281 3684 ut

212 3735 301 3811 illud
330 3732 516 3805 Ciceronis
546 3743 710 3827 putarem
745 3727 1078 3817 contemnendum,
1108 3728 1207 3829 quod
1240 3730 1277 3802 in

221 4077 226 4087 ·
245 4066 283 4132 (ι)
301 4062 334 4116 C.
350 4058 421 4129 neg.
436 4055 521 4109 Paris.
533 4050 621 4118 4628:
636 4050 849 4104 cumulatorum.

243 4155 282 4220 (a)
300 4149 371 4206 Cod.
385 4147 456 4218 neg.
471 4144 557 4198 Paris.
572 4139 657 4215 4955,
673 4150 702 4194 et
714 4149 835 4212 quatuor
848 4139 895 4192 alii
910 4164 914 4190 :
933 4158 1083 4194 remanere.

246 4237 286 4308 (3)
305 4242 323 4294 i.
339 4258 362 4294 e.
381 4238 538 4291 Germanus
550 4231 668 4300 (Pertz);
685 4228 717 4283 cl.
733 4227 859 4284 Suetonii
870 4225 988 4297 Caligul.
1005 4248 1063 4300 cap.
1077 4232 1119 4301 47.
