3000 5272
829 420 1019 482 KAROLUS.

838 614 1018 687 DCCClV.

437 775 639 870 Imperator
665 769 880 872 Aquisgrani
912 770 1103 861 hiemavit3
1132 787 1255 851 testate
1278 776 1451 849 antemio

387 891 581 966 Saxoniam
597 887 707 962 ducto
726 891 905 977 exercitu,
925 891 1130 991 omnesqui
1151 907 1250 965 trans
1264 890 1412 967 Albium
1423 909 1454 966 et

389 1009 426 1083 in
439 1003 656 1080 Wibmuodi
667 1006 725 1104 (r)
740 1004 950 1079 habitabant
965 1008 1135 1095 Saxones,
1151 1034 1237 1081 cum
1251 1007 1454 1085 mulieribus

387 1141 424 1199 ct
441 1123 654 1213 infantibus,
676 1123 862 1197 transtulit
876 1126 915 1196 in
932 1125 1143 1217 Manciam,
1164 1141 1201 1201 et
1217 1153 1330 1228 pagos
1343 1143 1454 1203 trans-

384 1238 545 1315 albianos
570 1239 758 1354 Abodritis
782 1240 895 1315 dedit.
928 1242 1069 1317 Eodem
1092 1258 1256 1342 tempore
1285 1243 1454 1319 Godofri·

384 1358 470 1446 dus,
497 1383 560 1431 rex
585 1361 792 1445 Danorum,
809 1360 910 1431 venit
935 1385 1018 1431 cum
1041 1360 1149 1434 classe
1170 1387 1233 1432 sua
1255 1388 1403 1438 necnon
1424 1379 1454 1435 et

384 1478 484 1551 omni
512 1477 676 1577 equitatu
703 1477 805 1576 regni
829 1477 883 1549 sui
907 1476 952 1550 ad
976 1477 1099 1550 locum
1120 1479 1184 1578 qui
1205 1477 1345 1552 dicitur
1372 1481 1454 1554 stie-

384 1592 512 1691 sthorp
527 1593 605 1693 (a),
626 1594 665 1665 in
680 1591 841 1666 confinio
855 1594 957 1694 regni
975 1596 1028 1667 sui
1044 1613 1080 1668 ct
1092 1595 1273 1669 Saxoniae.
1290 1598 1454 1675 Promisit

384 1710 503 1795 enim,
530 1735 567 1781 se
587 1707 632 1780 ad
658 1709 883 1809 colloquium
906 1711 1133 1810 imperatoris
1154 1727 1382 1803 uenturum,
1401 1716 1453 1789 scd

384 1823 895 1913 corniliosuoruminhibitus,
907 1827 1057 1925 propius
1066 1852 1142 1901 nou
1153 1830 1453 1930 accessit(3).lm

383 1958 529 2042 perator·
546 1956 667 2014 autem
684 1968 790 2041 super
805 1940 947 2015 Albium
966 1942 1117 2015 lluvium
1136 1942 1304 2032 sedebat,
1322 1948 1365 2021 in
1379 1947 1453 2024 loco

383 2057 446 2156 qui
468 2056 602 2131 dicitur
619 2055 848 2128 Holdunsteti
874 2057 951 2155 (4),
971 2073 1008 2128 et
1029 2057 1134 2131 missa
1154 2056 1199 2133 ad
1215 2058 1451 2137 Godol'tidum

383 2174 561 2277 legatione
573 2199 641 2274 pro
654 2174 812 2274 perfugis
823 2173 1026 2264 reddendis,
1042 2174 1163 2250 medio
1174 2176 1400 2276 septembrio
1406 2181 1451 2281 (5)

382 2292 572 2368 Coloniam
591 2293 703 2364 venit.
727 2292 952 2392 Dimissoque
968 2294 1150 2376 exercitu,
1174 2295 1297 2393 primo
1317 2296 1452 2398 Aquas-

381 2409 505 2508 grani,
527 2407 657 2480 deinde
679 2405 912 2479 Arduennam
934 2407 1045 2506 petit,
1064 2424 1101 2483 et
1120 2408 1382 2489 venationibus
1403 2416 1452 2487 in-

381 2525 553 2626 dulgens,
576 2525 798 2624 Aquasgiani
820 2551 982 2597 reversus
1000 2539 1067 2598 est.
1095 2525 1218 2600 Medio
1241 2528 1451 2605 novembrio

382 2638 529 2712 allatum
551 2654 604 2711 est
625 2640 656 2711 ei
681 2640 839 2711 Leonem
860 2665 988 2738 papam
1014 2638 1177 2713 Natalem
1201 2640 1354 2717 Domini
1377 2670 1451 2721 cnm

383 2781 427 2829 eo
443 2753 624 2827 celebrare
640 2754 751 2843 velle,
767 2753 989 2855 ubicumque
1007 2753 1076 2828 boc
1092 2756 1308 2859 contingere
1320 2762 1450 2861 potuis·

384 2888 449 2945 set.
469 2872 585 2964 Quem
607 2872 750 2957 statim,
773 2871 882 2944 misso
904 2870 948 2943 ad
967 2872 1140 2945 Sanctum
1158 2874 1377 2951 Mauritium
1388 2880 1448 2953 lb·

383 2986 465 3060 rolo
483 2986 656 3072 filiosuo,
676 2985 877 3061 honorifice
890 2988 1068 3086 suscipere
1077 2989 1197 3089 jussit.
1214 2991 1295 3091 lpse
1311 2992 1447 3069 obviam

383 3101 435 3175 illi
457 3102 655 3175 Remorum
671 3100 853 3174 civitatem
869 3101 1053 3200 profectus
1071 3120 1144 3192 est,
1170 3102 1296 3207 ibique
1313 3134 1447 3210 susoeo

383 3236 484 3305 tum,
503 3219 623 3318 primo
639 3218 856 3292 Curisiacum
871 3219 993 3293 villam
1003 3274 1014 3310 ,
1038 3220 1104 3293 uhi
1121 3221 1287 3301 Natalem
1307 3225 1445 3301 Domini

382 3333 594 3422 celebravit,
613 3332 741 3407 deinde
763 3333 984 3435 Aquasgrani
1009 3335 1194 3435 perduxit,
1217 3354 1257 3412 et
1278 3338 1444 3418 donatum

415 3655 528 3730 (1)All.
553 3655 727 3724 Wiltinuodi,
753 3655 887 3723 Wimodi,
913 3655 1056 3724 Winuodi,
1083 3656 1239 3727 Wimuodi,
1262 3660 1437 3722 Wicltamd',

386 3746 535 3804 Wimuadi.

414 3840 453 3910 (a)
472 3836 527 3894 All.
541 3835 685 3908 Sliestorfi
702 3835 870 3905 Saestltorp,
887 3834 1072 3908 Scliestltorp,
1088 3836 1232 3893 Sacrator.
1490 3908 1494 3914 Ι

415 3925 453 3999 (5)
474 3926 527 3980 Hic
537 3924 570 3977 l).
583 3924 671 3996 bouq.
685 3923 781 3978 addit:
799 3921 851 3977 sed
863 3921 997 3995 quicquid
1006 3923 1096 3977 νοίιιίἰ
1108 3942 1161 3995 per
1172 3926 1285 3998 legatos
1296 3928 1432 3985 mdeste.
1486 3972 1494 4003 :

378 4017 447 4085 Quae
459 4013 540 4067 verba
553 4032 586 4067 ex
602 4013 702 4067 Auual.
719 4011 940 4068 Laurissensibus
952 4011 1099 4085 desumpta
1111 4025 1185 4069 sunt.
1484 4042 1488 4047 ·

413 4107 451 4173 (4)
470 4102 523 4158 illl.
540 4101 747 4167 Holduaesteti‚
763 4101 948 4158 Hotdunscein
957 4144 964 4169 ,
978 4101 1194 4170 Holdunstets'm
1210 4104 1393 4164 Hordumsteti.
1478 4124 1487 4151 ··

411 4193 449 4263 (5)
470 4193 590 4246 Nnenar.
605 4211 696 4247 coines
712 4217 717 4244 ε
735 4192 900 4257 reddendis,
917 4212 1009 4246 mense
1023 4192 1181 4262 septembri.
