3000 5272
221 379 280 437 168
652 374 837 434 alnotus.

218 531 330 605 usque
359 504 510 577 lluvium
536 505 711 603 persecuti
735 519 833 577 sunt.
858 504 944 576 flaec
964 530 1047 576 cum
1070 506 1147 606 regi
1172 505 1268 582 allata

216 622 392 721 fuissent(
400 649 407 692 t
416 623 446 720 ),
456 638 638 696 conventu
648 621 742 720 apud
750 621 999 694 Wormaciam
1011 620 1157 713 habito,
1171 625 1269 701 Saxo

216 741 314 813 niam
330 740 407 813 sine
427 765 528 813 mora
547 740 672 812 statuit
689 766 772 811 cum
795 740 954 813 exercitu
975 765 1047 815 esse
1063 741 1269 840 petendam,

218 858 481 958 contractisque
510 857 714 958 ingentibus
733 859 845 956 copiis
875 859 951 956 (a),
977 872 1076 931 tanta
1097 859 1272 937 celeritate

214 973 258 1046 ad
275 972 490 1046 destinatum
506 999 524 1043 a
538 1000 574 1046 se
588 974 626 1045 in
642 973 794 1046 Saxonia
810 973 931 1046 locum
948 975 1133 1072 pervenit,
1148 991 1191 1049 ut
1203 1002 1273 1051 om·

216 1116 277 1163 nes
291 1088 449 1162 hostium
458 1104 626 1177 conatus,
641 1087 772 1189 quibus
789 1091 819 1164 ei
833 1092 997 1164 resistere
1015 1089 1219 1189 parabant(
1243 1094 1270 1192 ),

215 1206 275 1278 illa
291 1205 519 1281 festinatione
531 1223 764 1306 praeverteret
780 1209 849 1306 (Δ).
870 1207 962 1281 Nam
979 1208 1023 1282 ad
1038 1208 1186 1284 fontem
1198 1212 1272 1311 Lip

212 1325 284 1424 piae
299 1325 465 1412 veniens,
487 1325 696 1399 immensam
710 1326 804 1399 illius
818 1326 943 1426 perfidi
961 1327 1088 1427 populi
1104 1328 1272 1403 multitu·

213 1441 335 1516 dinem
346 1443 445 1516 velut
457 1442 621 1516 devotam
635 1470 674 1515 ac
691 1444 903 1543 supplicem,
918 1444 1061 1545 etquasi
1071 1446 1210 1521 erroris
1224 1446 1272 1519 sui

212 1558 408 1656 poeniteret
420 1558 492 1656 (5),
510 1558 651 1631 veniam
668 1575 874 1656 poscentem
893 1560 1043 1633 invenit.
1062 1559 1131 1631 Cui
1148 1576 1274 1634 cnmet

213 1672 495 1748 misericorditer
507 1675 719 1774 ignovisset,
734 1692 771 1748 ct
781 1701 840 1749 eos
852 1677 915 1777 qui
928 1703 965 1750 se
975 1675 1192 1752 christianos
1202 1676 1272 1752 lieri

211 1789 303 1864 velle
319 1788 557 1878 affirmabant,
577 1788 750 1889 baptizari
771 1791 933 1880 fecisset,
958 1791 1048 1865 datis
1064 1807 1103 1866 et
1126 1794 1274 1892 acceptis

211 1928 281 2004 pro
291 1902 360 1977 lide
376 1903 545 1977 servanda
558 1903 796 1978 fraudulentis
808 1907 1004 1980 eorundem
1021 1908 1273 2005 promissioni-

212 2020 301 2109 bus,
319 2019 504 2094 0bsidibus
531 2047 678 2122 quoque
705 2049 795 2122 quos
824 2024 1080 2122 imperaverat,
1100 2025 1270 2123 receptis,

212 2133 432 2236 AEresburgo
441 2152 557 2208 castro
570 2134 668 2235 quod
684 2136 847 2208 dirutum
861 2152 937 2211 erat
952 2152 1175 2226 restaurato,
1190 2138 1271 2212 alio·

211 2277 283 2352 que
300 2251 444 2325 castello
458 2277 566 2350 snper
578 2252 743 2350 Lippiam
760 2267 991 2343 constructo,
1009 2269 1047 2326 et
1064 2254 1106 2326 in
1122 2270 1274 2354 utroque

213 2391 289 2442 uon
299 2365 443 2440 modico
456 2365 623 2465 praesidio
634 2367 775 2455 relicto,
793 2368 867 2467 ipse
881 2369 918 2440 in
932 2366 1085 2439 Galliam
1097 2393 1269 2455 reversus,

213 2482 349 2556 invilla
369 2482 573 2558 Heristallio
592 2482 773 2558 hiemavit.

601 2668 879 2745 ncctxxvn.

262 2816 338 2889 Rex
353 2818 469 2914 prima
492 2818 584 2889 veris
611 2819 791 2916 aspirante
818 2820 990 2918 temperie
1014 2818 1274 2921 Noviomagum

211 2932 395 3032 profectus
423 2951 500 3022 cst,
522 2950 558 3007 et
587 2950 667 3033 post
698 2935 912 3009 celebratam
938 2936 1073 3010 ibidem
1102 2937 1275 3012 Pascbalis

211 3048 291 3123 sesti
324 3050 610 3138 solemnitatem,
640 3067 791 3151 propter
818 3051 1061 3127 fraudulentas
1092 3054 1274 3129 Saxonum

212 3168 486 3266 promissiones,
508 3165 638 3267 quibus
658 3168 766 3241 fidem
793 3166 923 3243 habere
940 3195 1016 3243 non
1042 3183 1210 3268 poterat,
1235 3168 1275 3245 ad

212 3281 334 3357 locum
344 3284 407 3383 qui
427 3280 633 3355 Padrabrun
660 3285 717 3381 (6)
736 3300 904 3373 vocatur,
925 3284 1129 3384 generalem
1152 3284 1273 3386 populi

245 3537 286 3607 (ι)
303 3535 419 3591 Freher.
434 3545 462 3588 et
474 3535 508 3588 D.
520 3535 608 3608 Bonq.
624 3535 698 3607 Regi
707 3537 914 3590 nuntiarentur.

245 3627 287 3693 (a)
305 3623 408 3691 iidem,
425 3624 578 3679 Saxoaiam
586 3633 680 3694 petere
690 3629 798 3693 statuit,
810 3627 1013 3697 contractisque
1025 3626 1123 3697 copiis.

245 3711 285 3784 (ὅ)
303 3712 406 3781 Iidem,
421 3712 605 3768 conabantur.

246 3804 285 3874 (4)
305 3801 394 3858 Codd.
409 3801 569 3858 vindobon.
584 3820 633 3856 rso
643 3812 671 3856 et
682 3821 735 3877 99⁰
747 3827 753 3856 :
763 3811 940 3876 perverteret.
952 3803 995 3857 lta
1006 3800 1112 3857 habent
1121 3802 1271 3859 Flebat-‚et

211 3891 246 3946 1).
260 3892 349 3964 Bouq.

247 3980 285 4053 (5)
303 3982 383 4035 Perta
392 4003 397 4033 :
405 3983 875 4052 etquamermrissuipoeuiteret,v.
882 3999 911 4051 p.
923 3983 941 4032 i.
952 4010 983 4020 -
993 3979 1026 4034 D.
1035 3978 1125 4055 bouq.
1136 3980 1268 4037 contre·

212 4071 273 4127 her.
283 4073 407 4144 aequasi
417 4071 518 4123 erroris
529 4070 575 4122 sui
581 4087 609 4122 u.
618 4090 646 4138 p.
654 4071 673 4122 ι’.
684 4069 723 4123 Ex
732 4078 849 4142 utraque
860 4066 1077 4125 lectionelocum
1087 4068 1266 4125 restituimus.

248 4160 286 4231 (6)
303 4159 357 4216 All.
370 4159 585 4226 Padrabntam,
600 4158 823 4223 Patherbrunna,
837 4157 1038 4227 Padrabuano,
1051 4156 1266 4216 rauranum,
