3000 5272
215 430 258 491 78
470 427 566 491 vm
586 425 732 488 utuott
755 425 1026 490 minuetum&

215 556 404 648 tistitus,
422 573 459 633 et
478 556 622 630 tibialiis
636 558 692 656 (r)
700 586 712 646 ;
728 573 808 630 tum
823 557 977 633 fasciolis
992 582 1110 644 crura,
1125 572 1163 633 et
1175 557 1281 660 pedes

216 679 464 754 calceamentis
477 678 529 776 (a)
546 676 835 777 constringebat,
857 692 894 751 et
910 704 953 751 ex
966 673 1120 777 pellibus
1134 676 1280 751 lutrinis

217 810 254 870 et
267 793 421 867 murinis
433 794 485 890 (5)
504 793 650 865 thorace
666 791 834 867 confecto
853 790 1022 867 humeros
1034 794 1087 891 (4)
1103 798 1280 892 arpertus

214 907 345 1013 hyeme
361 906 549 981 muniebat
554 934 567 997 3
582 932 665 1008 sago
682 924 812 982 veneto
828 909 995 997 amictus,
1009 924 1047 982 et
1058 907 1179 1009 gladio
1193 933 1281 982 sem·

213 1050 280 1127 per
295 1024 497 1112 accinctus,
511 1026 611 1123 cujus
628 1023 776 1122 capulus
792 1051 832 1096 ac
844 1022 983 1099 balteus
1000 1039 1061 1098 ant
1079 1050 1210 1099 aureus
1218 1040 1278 1097 ant

213 1153 403 1241 argenteus
420 1152 508 1214 erat.
526 1138 728 1240 Aliquoties
744 1155 780 1212 et
793 1155 974 1239 gemmato
988 1139 1042 1238 (5)
1056 1165 1140 1214 ense
1156 1137 1279 1214 uteba·

213 1270 288 1345 tur,
305 1254 404 1359 quod
421 1271 543 1331 tamen
559 1282 636 1332 non
649 1257 719 1330 nisi
738 1256 777 1328 in
793 1259 984 1357 praecipuis
1000 1256 1275 1347 festivitatibus,

212 1372 270 1449 vel
289 1373 318 1446 si
332 1372 478 1475 quando
491 1389 696 1448 exterarum
711 1375 874 1473 gentium
888 1375 994 1475 legati
1013 1374 1195 1449 venissent
1206 1373 1272 1473 (6).

211 1488 402 1590 Peregrina
434 1514 520 1563 vero
553 1488 786 1578 indumenta,
821 1490 982 1590 quamvis
1009 1487 1272 1591 pulcherrima,

212 1604 420 1706 respuebat,
439 1632 506 1681 nec
525 1633 687 1707 unquam
701 1608 750 1680 eis
772 1605 873 1680 indui
889 1606 1106 1707 patiebatur,
1124 1619 1273 1708 excepto

212 1720 312 1823 quod
327 1722 453 1795 Romae
470 1720 599 1809 semel,
617 1719 778 1795 Adriano
794 1722 967 1822 pontifice
979 1737 1145 1823 petente,
1159 1738 1197 1798 et
1213 1725 1274 1797 ite·

211 1863 295 1913 tutu
314 1840 435 1914 Leone
454 1863 655 1911 successore
675 1841 748 1937 ejus
770 1839 1012 1938 supplicante,
1027 1839 1136 1941 longa
1156 1838 1272 1912 tunica

211 1969 249 2029 ot
266 1954 416 2029 clamide
431 1955 603 2043 amictus,
624 1954 747 2029 calceis
765 1981 911 2057 quoque
926 1958 1093 2032 Romano
1107 1982 1211 2032 more
1223 1958 1274 2056 (7)

210 2070 375 2147 formatis
400 2069 629 2145 induebatur.
653 2074 694 2144 ln
717 2071 968 2146 festivitatibus
986 2076 1041 2174 (8)
1064 2091 1163 2150 veste
1187 2099 1272 2150 auro

214 2202 308 2264 texta
325 2203 362 2265 et
375 2188 620 2262 calceamentis
631 2190 816 2288 gemmatis
829 2191 904 2290 (9),
922 2208 959 2266 et
975 2191 1084 2267 fibula
1099 2218 1207 2268 aurea
1223 2218 1272 2269 st·

212 2328 299 2407 guin
314 2303 558 2403 adstringente
571 2304 673 2402 (ιο),
692 2303 889 2380 diademate
908 2333 1055 2409 quoque
1068 2334 1113 2382 ex
1132 2333 1225 2385 auro
1238 2321 1272 2382 et

212 2422 361 2521 gemmis
374 2435 522 2495 ornatus
538 2416 722 2493 incedebat
731 2446 742 2508 3
763 2419 839 2492 aliis
853 2438 973 2496 autem
991 2422 1117 2498 diebus
1134 2423 1271 2499 habitus

212 2541 287 2639 ejus
304 2565 432 2641 parum
449 2565 469 2610 a
486 2536 669 2611 communi
685 2551 720 2610 et
737 2536 878 2636 plebeio
891 2541 923 2638 (r
936 2541 968 2638 1)
983 2538 1216 2616 abhorrebat.

249 2785 289 2857 (t)
307 2786 348 2843 lte
366 2785 517 2841 lubenti).
535 2783 622 2859 Bouq.
640 2793 669 2838 et
686 2784 810 2858 quinque
822 2784 903 2841 codd.
917 2787 1046 2845 -Perta
1063 2800 1177 2846 autem:
1192 2792 1272 2848 couti.

214 2895 275 2935 sain
294 2876 440 2931 lineum...
462 2876 627 2928 tunicum...
643 2871 750 2928 tibialia
767 2873 843 2948 qnod
858 2877 947 2931 rarius
965 2877 995 2932 iu
1013 2881 1139 2952 prosaico
1151 2898 1272 2939 mone

215 2973 376 3039 nutriuntur.

247 3053 286 3125 (a)
304 3052 349 3111 su
367 3051 401 3107 o.
421 3050 562 3124 esuquen
580 3066 637 3104 non
654 3047 723 3104 nutu
740 3049 821 3106 coda.
841 3042 1043 3121 sturmen·
1061 3056 1158 3127 reru,
1177 3059 1271 3115 cana-

214 3145 321 3199 mentis.

246 3226 286 3305 (h)
305 3228 430 3287 butrinis
442 3233 469 3280 et
481 3225 597 3279 rnurinis
608 3223 638 3278 in
651 3222 748 3280 decem
757 3225 838 3282 codd.
854 3227 1064 3301 desiderantum
1079 3232 1110 3288 in
1122 3251 1180 3291 nou
1193 3231 1272 3291 nubit

214 3319 326 3397 touton.
344 3319 456 3375 lutrinis
468 3314 517 3370 vel
528 3316 653 3369 murinis.

247 3410 286 3483 (l)
304 3404 393 3465 (lodd.
408 3402 570 3461 vindobon.
584 3399 638 3468 fot
649 3411 739 3475 et9o:
755 3423 873 3460 anteros.

247 3496 286 3571 (5)
304 3494 373 3554 Cud.
387 3494 493 3551 Christ.
506 3490 577 3564 Reg.
590 3489 642 3566 692
654 3501 683 3546 et
695 3489 752 3547 duo
762 3493 808 3548 alii
823 3517 829 3547 :
846 3497 996 3568 geminato.

248 3586 287 3659 (tt)
306 3587 338 3643 tt.
355 3586 443 3661 llouq.
458 3581 599 3638 adessent.

247 3678 287 3753 (7)
304 3677 375 3733 (hul.
392 3673 552 3734 Vindobon.
565 3670 637 3747 667:
654 3691 744 3745 opere.

247 3768 286 3841 (tl)
305 3764 425 3821 Nutantes.
437 3777 528 3817 comes
543 3783 549 3814 :
565 3760 785 3815 solennitatibus.

249 3857 289 3931 (o)
306 3850 375 3909 llotl.
389 3848 525 3905 Christin.
540 3846 641 3919 Regin.
651 3847 721 3921 692:
737 3850 893 3920 geminatis.

248 3948 305 4018 (tsi)
322 3940 410 3999 llodd.
428 3936 587 3996 Vindobon.
603 3934 654 3993 338
664 3948 693 3992 et
703 3937 966 4012 claustroneoburg.
979 3962 985 3992 :
1000 3940 1187 4015 astringebat.

248 4036 305 4107 (ιι)
321 4030 391 4089 llud.
411 4027 568 4084 vindobon.
588 4024 640 4082 358
658 4036 687 4080 et
706 4036 762 4080 tres
780 4026 826 4080 alii
848 4050 852 4079 :
877 4028 938 4101 ejus
958 4031 1098 4083 communi
1114 4048 1148 4084 uc
1168 4028 1270 4102 puteo

215 4146 269 4181 nna
279 4144 303 4179 n.
315 4167 318 4179 .
335 4120 403 4179 tuat.
420 4117 598 4176 zwetlensis:
613 4117 674 4188 ejus
682 4117 807 4187 plebeius
817 4137 835 4171 a
845 4119 952 4189 plebeio
962 4138 1019 4175 non
1030 4138 1059 4174 a.
1069 4143 1078 4183 ,-
1087 4119 1157 4177 cot.
1169 4117 1272 4182 Viodo

215 4217 268 4273 hun
296 4212 343 4287 ηδ
374 4211 433 4283 eius
443 4208 593 4263 communis
607 4225 624 4258 a
633 4204 741 4276 plebeio
755 4224 811 4260 non
824 4225 850 4260 a.
