3000 5272
211 373 272 433 352
600 368 884 429 HLUDOWICUS.

210 518 312 605 parte
328 501 494 576 orientali
511 501 698 588 saxoniae,
715 526 799 601 quae
811 499 1036 575 Soraborum
1049 502 1191 577 linibus
1203 529 1284 578 cou-

210 623 305 723 tigua
328 639 398 710 est,
426 623 463 693 in
487 620 645 721 quodam
668 619 809 692 deserto
831 619 932 708 loco,
957 622 1062 719 juxta
1082 619 1207 693 lacum
1226 621 1283 721 qui

210 739 344 811 dicitur
357 737 511 826 arnseo,
535 739 572 808 in
586 736 738 809 modum
758 738 894 836 aggeris
913 750 1010 809 terra
1029 738 1234 824 intumuit,
1253 753 1284 811 et

210 854 364 926 limitem
375 853 482 925 unius
495 852 607 925 leucae
619 850 846 950 longitudine
858 868 1087 950 porrectum,
1100 848 1174 925 snb
1184 851 1283 924 unius

211 971 328 1045 noctis
355 971 496 1068 spatio,
524 967 657 1068 absque
685 968 832 1040 humani
859 970 978 1068 operis
1000 969 1221 1058 molimine,
1246 968 1284 1042 ad

212 1089 325 1160 instar
336 1087 418 1158 valli
437 1087 625 1183 surrexit(
649 1091 676 1182 ).

259 1203 461 1303 Winigisus
489 1201 562 1274 dux
590 1201 814 1300 Spolitinus,
839 1205 916 1301 jam
945 1202 1049 1276 senio
1079 1203 1281 1291 consecuta,

212 1319 337 1394 habitu
359 1319 506 1394 seculari
525 1319 713 1419 deposito,
736 1321 945 1394 monasticae
967 1322 1241 1397 conversationi
1254 1348 1284 1394 sc

211 1440 450 1538 mancipavit,
477 1464 517 1510 ac
543 1463 620 1510 non
647 1437 766 1510 multo
791 1452 874 1536 post
899 1454 1015 1512 tactus
1041 1441 1216 1539 corporis
1236 1440 1285 1512 in·

212 1555 383 1629 firmitate
396 1554 562 1641 decessit;
580 1555 618 1627 in
634 1557 735 1653 cujus
752 1553 875 1628 locum
888 1556 1033 1656 Suppo,
1050 1557 1192 1631 Brixiae
1207 1557 1286 1629 civi·

213 1673 295 1744 tatis
312 1696 449 1760 comeo,
469 1668 685 1741 substitutus
699 1685 765 1742 est.
782 1672 946 1743 Domnus
961 1673 1183 1770 imperator,
1200 1697 1285 1746 oon-

212 1790 293 1864 silio
305 1816 389 1862 cum
399 1789 575 1888 episcopis
585 1803 621 1861 et
631 1785 868 1886 optimatibus
879 1789 951 1860 suis
962 1786 1107 1878 habito,
1120 1787 1286 1863 fratribus

211 1909 297 1998 suis,
313 1931 404 2007 quos
418 1907 552 1979 invitos
566 1903 718 1979 tondere
733 1905 788 2003 (2)
801 1905 926 2004 jussit,
943 1905 1208 1981 reconciliatus
1219 1922 1284 1994 ott,

213 2042 250 2100 et
272 2040 344 2097 tam
368 2022 503 2098 dehoc
526 2022 645 2111 sacto,
666 2049 775 2123 quam
794 2021 889 2096 etde
909 2021 964 2095 hie
988 2048 1074 2124 quae
1097 2049 1185 2126 erga
1207 2025 1287 2098 Ben-

213 2140 392 2215 nhardum
402 2196 412 2231 ,
432 2141 550 2213 filium
570 2141 693 2212 fratris
710 2140 764 2212 sui
779 2140 944 2240 Pippini,
965 2166 1116 2216 necnon
1134 2157 1174 2216 ct
1190 2140 1235 2216 de
1250 2142 1285 2214 iis

212 2287 292 2361 quac
307 2260 399 2331 circa
415 2257 656 2331 Adalhardum
673 2255 839 2331 abbatem
856 2272 893 2331 et
908 2255 1062 2331 fratrem
1074 2260 1155 2356 ejus
1165 2257 1286 2331 Wala-

212 2375 322 2449 chum
332 2391 426 2476 gesta
440 2391 539 2462 sunt,
553 2373 736 2473 publicam
750 2373 1013 2449 confessionem
1023 2373 1117 2448 fecit
1125 2389 1164 2449 et
1176 2373 1285 2475 poeni-

214 2493 365 2566 tentiam
376 2493 461 2591 egit,
474 2490 574 2590 quod
585 2504 704 2563 tamen
719 2491 756 2563 in
769 2515 813 2563 eo
825 2503 1021 2575 conventu,
1035 2515 1152 2590 quem
1163 2489 1285 2564 eodem

212 2633 310 2681 anno
332 2634 454 2680 mense
480 2620 632 2704 augusto
655 2605 827 2678 Attiniaci
854 2603 1004 2694 habuit,
1034 2607 1073 2678 in
1099 2606 1284 2704 praeseutia

213 2726 325 2798 totius
346 2725 473 2825 populi
495 2725 549 2796 sui
574 2724 730 2825 peregit,
758 2725 795 2796 in
817 2750 892 2825 quo
914 2722 1095 2827 quidquid
1116 2724 1284 2797 similium

212 2867 336 2914 rerum
352 2841 408 2914 vel
426 2868 445 2912 a
463 2867 499 2914 se
516 2840 608 2914 vela
626 2855 729 2939 patre
739 2865 805 2913 suo
816 2839 954 2912 factum
971 2841 1024 2938 (ὅ)
1045 2840 1217 2915 iuvenire
1229 2865 1284 2940 po

214 2960 305 3048 tuit,
325 2985 463 3031 summa
481 2958 674 3033 devotione
695 2957 884 3032 emendare
901 2957 1053 3030 curavit.

262 3076 452 3148 Exercitus
477 3076 522 3150 de
545 3076 644 3148 ltalia
666 3091 818 3175 propter
843 3075 1127 3152 Liudewiticum
1152 3074 1283 3151 bellum

213 3190 477 3265 conficiendum
498 3191 535 3263 in
552 3192 776 3265 Pannoniam
791 3191 919 3262 missus
936 3205 1010 3278 est,
1034 3188 1080 3263 ad
1101 3193 1207 3290 cujus
1224 3190 1282 3264 ad·

213 3326 363 3409 ventum
382 3309 615 3398 Liudewitus‚
634 3309 742 3381 Siscia
761 3309 818 3407 (4)
838 3309 981 3382 civitate
998 3307 1145 3397 relicta,
1164 3308 1282 3383 adSo-

213 3425 333 3514 rabos,
350 3453 432 3526 quae
451 3427 551 3500 natio
569 3424 735 3526 magnam
751 3425 938 3498 Dalmatiae
955 3440 1100 3525 partem
1120 3424 1281 3500 obtinere

212 3542 360 3631 dicitur,
374 3543 545 3642 fugiendo
557 3570 594 3616 sc
606 3542 782 3632 contulit,
799 3559 835 3615 et
847 3568 923 3615 uno
935 3568 979 3614 ex
991 3538 1150 3615 ducibus
1160 3568 1279 3618 eorum

247 3855 286 3922 (1)
305 3853 338 3904 D.
356 3851 444 3924 Bouq.
457 3869 521 3904 cum
535 3851 627 3905 Nuen.
643 3852 744 3905 comite
760 3874 765 3903 :
784 3851 904 3904 sustulit.
1013 3838 1015 3843 ⁸

248 3962 287 4025 (a)
304 3956 336 4008 ll.
351 3956 435 4028 Bouq.
450 3974 512 4008 curn
525 3955 646 4008 Nucnar.
660 3972 731 4008 conr.
746 3964 774 4007 et
788 3954 903 4007 Frclrcr.
916 3953 1028 4009 tonderi
1038 3955 1133 4026 jussit.

247 4058 285 4129 (3)
305 4060 425 4113 Nucnar.
437 4071 462 4111 ct
475 4060 507 4111 ll.
526 4060 611 4129 llouq.
627 4079 644 4111 a
653 4057 894 4129 patrefactarnoz.

247 4166 285 4230 (ll
307 4164 348 4216 Al.
371 4166 450 4217 Stetit
