3000 5272
210 358 248 420 ts
463 358 557 423 VITA
580 359 728 421 ninom
751 359 1024 423 IMPERATORIS.

210 491 428 564 Balearicum
442 495 555 589 jacet,
579 510 615 564 et
635 518 717 590 pars
733 491 937 565 Germaniae
955 519 1038 593 quae
1056 495 1153 567 inter
1170 496 1287 571 Saxo-

211 610 310 684 niam
332 625 368 683 et
394 607 620 695 Danubium,
645 609 881 709 Hrenumque
902 636 942 682 ac
962 611 1078 682 Salam
1105 610 1259 685 fluvium
1271 669 1284 702 ,

211 725 274 825 qui
293 723 500 825 Thuringos
513 727 566 822 (1)
582 739 619 798 et
636 725 793 799 Sorabos
809 728 862 824 (2)
876 727 1024 816 dividit,
1041 730 1158 828 posita
1175 731 1246 828 (5),
1266 758 1286 802 a

210 843 357 914 Francis
377 843 441 942 qui
461 841 659 915 Orientales
680 841 854 914 dicuntur
876 844 1062 934 incolitur,
1087 863 1123 919 et
1152 862 1289 946 praeter

213 958 291 1032 haec
302 957 493 1031 Alamanni
511 974 619 1060 atque
636 960 789 1056 BaJ'oarii
806 957 850 1031 ad
863 961 966 1060 regni
983 963 1208 1035 Francorum
1223 987 1288 1063 po-

214 1089 377 1149 testatem
396 1074 642 1172 pertinerent,
668 1075 741 1175 ipse
762 1102 829 1174 per
842 1074 935 1149 bella
956 1092 1152 1151 memorata
1165 1079 1287 1176 primo

213 1193 446 1292 Aquitaniam
465 1208 501 1264 et
521 1192 754 1265 Wasconiam
777 1193 830 1291 (Δ)
858 1208 1051 1294 totumque
1068 1194 1216 1295 Pyrinei
1234 1197 1287 1293 (5)

213 1309 350 1383 montis
361 1310 504 1408 jugum,
518 1323 555 1381 et
565 1335 677 1408 usque
690 1307 734 1380 ad
751 1308 928 1382 Hiberum
945 1336 1104 1399 amnem,
1118 1311 1181 1410 qui
1195 1310 1289 1411 apud

214 1426 392 1500 Navarros
406 1425 459 1524 (6)
479 1439 598 1512 ortus,
614 1440 650 1499 et
667 1425 908 1502 fertilissimos
925 1427 1106 1526 Hispaniae
1123 1455 1228 1530 agros
1240 1455 1290 1502 se·

216 1571 318 1632 cans,
345 1542 412 1616 sub
439 1543 599 1616 Dertosae
623 1544 677 1642 (7)
700 1545 853 1616 civitatis
871 1545 1008 1618 moenia
1026 1546 1081 1643 (8)
1109 1546 1290 1619 Balearico

216 1663 307 1735 mari
321 1662 513 1748 miscetur;
528 1659 657 1734 deinde
673 1661 812 1733 ltaliam
827 1678 963 1751 totam,
977 1690 1060 1763 quae
1077 1663 1122 1735 ab
1133 1662 1290 1765 Augusta

216 1780 390 1853 Praetoria
405 1804 518 1878 usque
533 1779 570 1850 in
585 1776 785 1850 Calabriam
798 1779 1031 1867 inferiorem,
1053 1781 1090 1852 in
1107 1807 1176 1880 qua
1191 1779 1291 1854 Grae-

218 1924 347 1971 corum
362 1921 402 1967 ac
423 1896 762 1969 Beneventanorum
780 1912 922 1969 constat
941 1923 1013 1970 esse
1037 1889 1217 1986 confinia,
1237 1897 1294 1973 de·

219 2016 290 2088 cies
299 2029 444 2087 eentum
456 2028 492 2086 et
502 2039 545 2086 eo
555 2012 708 2111 amplius
718 2039 886 2110 passuum
895 2013 1291 2113 millibuslongitudine

218 2131 420 2232 porrigitur
428 2157 439 2217 3
469 2147 546 2202 tum
574 2130 786 2216 Saxoniam,
814 2156 896 2229 quae
917 2128 1064 2229 quidem
1087 2127 1290 2204 Germaniae

217 2276 299 2349 pars
317 2273 392 2325 non
412 2245 551 2320 modica
568 2261 622 2320 est
632 2299 642 2334 ,
662 2262 699 2319 et
721 2249 795 2343 ejus
816 2247 869 2345 (9)
886 2273 968 2347 quae
985 2275 1004 2318 a
1021 2248 1169 2319 Francis
1187 2249 1292 2322 inoo-

219 2366 320 2453 litur,
342 2363 495 2462 duplum
517 2365 554 2435 in
581 2364 654 2436 lato
683 2361 813 2437 habere
835 2380 997 2462 putatur,
1017 2367 1149 2438 cumei
1172 2365 1292 2466 longi-

222 2481 346 2553 tudine
378 2479 491 2579 possit
520 2505 593 2553 esse
626 2479 823 2553 consimilis
832 2507 843 2567 3
878 2495 1070 2580 postquam
1101 2496 1292 2583 utramque

220 2599 456 2685 Pannoniam,
477 2613 512 2671 et
529 2599 728 2698 appositam
745 2599 823 2696 (10)
849 2598 886 2669 in
912 2599 1021 2671 altera
1039 2598 1198 2672 Danubii
1215 2601 1292 2700 ripa

221 2717 385 2801 Daciam,
413 2716 585 2789 Histriam
604 2718 634 2813 (ι
649 2717 683 2812 ι)
705 2735 851 2815 quoque
879 2731 916 2800 et
942 2713 1155 2788 Liburniam
1185 2733 1292 2818 atque

222 2833 457 2918 Dalmaciam,
481 2833 637 2929 exceptis
660 2832 851 2904 maritimis
878 2831 1105 2924 civitatibus,
1130 2859 1220 2933 quas
1243 2832 1292 2907 ob

258 3183 296 3251 (ι)
316 3179 370 3234 Ml.
389 3180 543 3251 Turingos,
563 3180 676 3246 Turios,
696 3180 845 3252 Toringos.

258 3271 298 3340 (a)
315 3267 359 3323 Al.
376 3267 508 3322 Sarabos.

259 3356 297 3427 (ὅ)
315 3355 385 3411 Cod.
401 3355 564 3410 Vindobon.
578 3355 631 3432 667
644 3366 673 3411 et
686 3367 749 3411 octo
761 3357 808 3411 alii
822 3357 931 3412 addunt
945 3382 950 3411 :
967 3368 1074 3430 postea.

258 3450 297 3518 (4)
315 3446 386 3502 Cod.
400 3445 471 3517 neg.
483 3446 570 3500 Paris.
583 3445 653 3522 5927
668 3471 673 3500 ε
694 3449 893 3503 Garasconiam.

259 3535 298 3606 (5)
316 3534 372 3590 Au.
389 3535 502 3587 Pirenei
509 3578 515 3601 ,
530 3536 648 3603 Piriuei,
664 3536 797 3610 Pyrenei.
813 3567 849 3578 -
861 3536 907 3591 At.
919 3535 1076 3610 Hyberum.

259 3627 298 3698 (6)
318 3626 371 3681 nn.
388 3625 564 3693 Narvnrros,
584 3626 729 3693 Navaros,
745 3627 911 3695 Novarum,
927 3626 1084 3682 Naoarros.

259 3720 298 3792 (7)
316 3714 406 3771 Codd.
419 3714 488 3787 neg.
500 3716 588 3769 Paris.
597 3714 666 3791 5927
677 3727 706 3771 et
716 3718 816 3791 Regin.
827 3717 933 3774 Christ.
944 3715 996 3789 692
1008 3741 1013 3770 :
1029 3717 1146 3772 Tortose
1153 3744 1161 3781 ,·
1172 3716 1294 3774 Numer.

225 3826 296 3864 com.
314 3805 467 3864 Dertusaoe
481 3803 543 3857 cod.
557 3804 683 3858 Gothan.
699 3806 821 3861 Dertote.
907 3795 911 3802 ⁵

261 3898 300 3968 (8)
319 3896 390 3949 Tres
401 3892 484 3948 codd.
499 3893 644 3947 munibus.

260 3989 299 4061 (9)
318 3984 439 4039 Nuenar.
455 4000 546 4035 comos
558 4007 562 4034 ε
576 3993 603 4035 ct
612 3983 653 4037 ad
662 4002 723 4036 eam
734 4003 797 4054 quar
806 4004 825 4037 a
836 3984 869 4038 F.
880 3988 897 4036 i·
912 3983 1060 4039 latitudine
1072 3982 1162 4055 dupla
1170 3992 1295 4054 putatur.

261 4078 269 4141 ζ
276 4077 317 4145 ιο)
336 4071 379 4125 ld.
394 4073 558 4143 oppositum.

263 4166 319 4232 (ιι)
338 4162 381 4216 ΑΙ.
398 4160 553 4234 Hystriam.
568 4192 600 4200 -
610 4160 655 4213 ΑΙ.
672 4159 850 4215 Liburnorum.
