3000 5272
211 360 272 421 344
603 361 886 423 HLUDOWICUS.
911 413 913 418 .

210 492 340 566 defecit
363 518 427 567 vni
447 493 614 568 kalendas
629 492 851 584 decembris,
871 493 959 569 hora
977 495 1098 571 noctis
1113 494 1282 571 secunda.

210 610 423 708 Imperator,
437 629 520 710 post
528 627 715 711 peractum
722 612 888 684 Curisiaci
898 628 1138 706 conventum,
1148 629 1286 687 autum·

210 727 400 828 nalemque
410 728 638 803 venationem
650 757 693 805 ex
703 756 805 804 more
816 729 1049 830 completam,
1060 729 1286 833 Aquasgrani

211 872 372 919 reversus
390 863 455 919 est.

637 1406 865 1480 ncccxxt.

264 1556 472 1630 Conventus
488 1582 609 1629 mense
622 1554 716 1629 febr.
732 1555 946 1656 Aquisgrani
963 1551 1127 1642 habitus,
1144 1553 1238 1627 etin
1251 1577 1290 1627 eo

216 1672 261 1746 de
279 1670 376 1746 bello
398 1672 634 1748 Lindenitieo
653 1686 865 1760 tractatum,
886 1696 926 1742 ac
944 1685 1016 1743 tres
1032 1668 1219 1743 exercitus
1237 1692 1292 1742 or·

218 1789 332 1860 dinati
360 1790 422 1889 qui
448 1787 570 1859 sutura
595 1803 718 1860 aestate
741 1786 964 1887 perfidorum
986 1812 1091 1887 agros
1113 1811 1185 1881 per
1205 1786 1293 1859 vices

217 1922 412 1980 vastarent.
432 1906 548 1978 Simili
575 1905 684 1980 modo
701 1905 746 1979 de
762 1932 881 1978 marca
899 1904 1090 2005 Hispanica
1111 1903 1293 1980 constitn-

219 2040 320 2109 tnm,
346 2040 383 2096 et
409 2021 478 2096 hoc
505 2023 599 2095 illius
623 2023 749 2094 limitis
774 2021 954 2122 praefectis
981 2021 1208 2120 imperatum
1229 2035 1291 2095 est.

220 2141 429 2239 iterumque
449 2155 648 2214 conventus
665 2166 787 2212 menso
806 2139 901 2212 maio
923 2137 1139 2239 Noviomagi
1157 2134 1296 2213 baben-

220 2257 286 2328 ‹lus
304 2255 491 2330 condictus
506 2272 577 2343 est,
592 2258 812 2356 comitesque
827 2257 891 2358 qui
904 2256 990 2329 illuc
1000 2254 1296 2356 venirentdepu-

221 2375 300 2445 tati.
313 2373 369 2446 Eo
381 2400 478 2446 anno
488 2374 543 2471 (r)
558 2372 713 2446 domnus
726 2374 923 2472 imperator
932 2388 1015 2472 post
1024 2370 1107 2446 festi
1122 2368 1296 2445 Pascbalis

221 2489 465 2589 expletionem
479 2515 544 2588 per
556 2490 696 2564 Mosam
711 2490 912 2589 navigavit,
925 2487 1048 2589 ibique
1060 2488 1297 2562 constitutam

221 2607 325 2679 anuis
341 2604 587 2706 superioribus
605 2623 713 2707 atque
729 2608 971 2706 conscriptam
989 2608 1086 2680 inter
1103 2604 1204 2681 filios
1218 2630 1297 2681 suot

222 2725 324 2824 regni
344 2723 401 2823 (2)
423 2725 661 2824 partitionem
677 2725 878 2814 recensuit,
900 2750 941 2796 ac
959 2724 1181 2824 juramentis
1202 2722 1299 2825 opti-

223 2858 361 2913 matum
385 2843 446 2940 qni
474 2859 562 2914 tunc
587 2840 706 2915 adesse
723 2858 925 2942 potuerunt
941 2838 1198 2929 confirmavit,
1222 2864 1300 2913 οω-

224 2959 408 3058 ceptisque
426 2956 560 3032 ibidem
579 2957 754 3030 Paschalis
774 2957 929 3031 Romani
946 2954 1133 3057 pontificis
1151 2955 1298 3059 legatis,

225 3077 334 3148 Petro
352 3074 517 3148 videlicet
534 3075 835 3148 Centumcellcnsi
853 3076 1022 3175 episcopo
1039 3089 1076 3149 et
1092 3076 1221 3151 Leone
1236 3099 1301 3149 no-

226 3191 468 3280 menclatore,
488 3189 694 3291 eisdemque
711 3191 877 3265 celeriter
892 3191 1084 3280 absolutis,
1104 3187 1301 3267 comitibus

227 3308 335 3380 ctiam
352 3308 414 3407 qui
432 3309 580 3381 aderant
590 3363 601 3396 ,
620 3308 664 3380 ad
680 3307 946 3408 expeditionem
962 3308 1216 3383 Pannonicam
1226 3307 1301 3382 dos·

195 3516 198 3522 Ι
228 3426 374 3513 tinatis,
398 3426 471 3524 ipse
487 3425 674 3525 paululum
695 3423 744 3497 ibi
762 3440 981 3513 remoratus,
1000 3425 1228 3526 Aquasgrani
1245 3452 1304 3501 rc-

228 3567 350 3614 versus
367 3556 432 3612 est.
458 3543 504 3612 Et
527 3557 610 3638 post
634 3566 764 3639 paucos
788 3540 861 3613 dies
887 3567 952 3640 per
972 3538 1214 3613 Arduennam
1235 3540 1302 3615 iter

227 3657 382 3749 faciens,
400 3660 576 3730 Treveros
599 3684 639 3729 ac
661 3659 767 3731 Metis
790 3659 912 3747 venit,
940 3656 1096 3757 indeque
1116 3657 1301 3733 Rumeriei

229 3776 414 3849 castellum
431 3791 575 3874 petens,
595 3775 774 3874 reliquum
797 3775 910 3847 aestivi
928 3773 1057 3846 caloris
1076 3789 1116 3848 et
1136 3773 1302 3849 autumni

230 3958 370 3968 ——..n-
375 3959 659 3966 .....--.-—.--.-—--
663 3959 699 3965 ..-

266 4074 304 4140 (ι)
322 4073 366 4124 stc
381 4071 415 4124 1).
430 4072 517 4144 Rouq.
530 4091 593 4125 cuin
607 4071 698 4126 Nuen.
710 4088 780 4124 com.
795 4069 920 4123 -Pertz
933 4091 939 4121 t
951 4067 998 4122 Eo
1010 4065 1144 4123 donnaus⁸

270 4163 306 4221 (a)
328 4163 418 4231 llrpni
430 4163 457 4215 in
473 4163 522 4215 luc
537 4181 601 4215 roro
614 4159 706 4214 (leiren
721 4161 906 4228 fragmentum
923 4157 1120 4225 Ambcrgensc.
