3000 5272
216 422 277 482 alo
607 419 888 480 HLUDOWICUS.

216 577 310 624 unus
326 552 470 650 Alpium
491 553 664 636 transitu,
683 550 841 624 hostium
859 576 969 623 manu
985 552 1190 642 resistente,
1208 580 1288 653 pno-

217 667 428 753 lribebatur,
455 667 546 740 alter
563 684 599 741 et
616 666 843 768 longitudine
863 669 1002 742 itineris
1023 685 1060 744 et
1084 669 1209 745 Dravo
1225 670 1286 745 flu-

216 786 315 861 mim
336 784 435 885 quod
456 785 693 857 traiciendum
719 801 813 874 erat,
842 785 1127 885 impediebatur;
1149 787 1286 863 medius

214 919 353 991 autem,
380 903 442 1002 qni
468 928 532 999 per
554 903 776 976 Garantanos
798 903 976 992 intrabat,
1000 930 1226 1007 quamquam
1249 907 1285 979 in

217 1019 333 1092 tribus
347 1019 434 1092 locis
451 1020 482 1092 ei
500 1021 739 1108 resisteretur,
760 1020 922 1096 feliciore
939 1048 1022 1094 usus
1041 1021 1218 1112 fortuna,
1233 1041 1286 1099 ter

216 1136 317 1208 hoste
336 1151 522 1234 superato,
549 1138 667 1211 Dravo
686 1136 794 1208 etiam
820 1137 1047 1227 transmisso,
1070 1136 1227 1212 celerius
1245 1138 1285 1213 ad

215 1253 389 1326 destinata
409 1251 486 1326 loca
506 1255 684 1351 pervenit.
702 1253 838 1326 Contra
857 1253 935 1327 haec
950 1254 1179 1332 liudewitus
1198 1256 1284 1331 nibil

215 1368 383 1458 molitus,
408 1369 614 1442 munitione
639 1385 781 1442 tantum
805 1371 962 1459 castelli,
984 1371 1087 1473 quod
1110 1372 1152 1445 in
1176 1373 1285 1447 arduo

214 1503 339 1561 monte
353 1503 621 1574 construxerat,
637 1515 672 1560 se
686 1514 840 1588 suosque
853 1489 1056 1579 continuit,
1072 1505 1111 1564 et
1120 1516 1194 1565 nec
1206 1490 1283 1565 belli

215 1631 280 1677 nec
297 1604 412 1702 pacis,
431 1604 487 1676 vel
503 1631 567 1702 per
584 1606 813 1703 semetipsum
833 1606 888 1677 vel
906 1631 972 1706 per
992 1606 1152 1706 legatos,
1174 1608 1283 1680 ullum

214 1746 297 1790 cum
311 1719 360 1791 eis
369 1721 426 1816 (t)
440 1745 642 1792 sermonem
661 1719 823 1792 habuisse
835 1719 980 1793 dicitur.
996 1721 1195 1797 Exercitus
1206 1747 1284 1796 vero

213 1851 402 1936 postquam
429 1838 465 1908 in
491 1863 604 1908 unum
627 1853 897 1927 convenerunt,
918 1853 1032 1911 totam
1047 1866 1148 1939 pene
1170 1842 1283 1941 nogio-

213 1982 297 2030 nem
309 1955 407 2028 ferro
420 1970 456 2028 et
471 1955 552 2055 igne
567 1971 741 2027 vastantes
754 1956 826 2053 (a),
841 1955 936 2029 haud
950 1955 1026 2031 ullo
1037 1959 1143 2056 gravi
1157 1958 1282 2032 damno

212 2088 380 2169 accepte,
399 2070 549 2144 domum
563 2073 694 2143 reversi
713 2088 812 2144 sunt.
831 2074 864 2144 ls
879 2088 1021 2159 tamen,
1036 2073 1103 2173 qui
1120 2100 1192 2173 per
1202 2075 1281 2149 Pau·

210 2187 358 2261 ironiam
376 2186 597 2285 superiorem
612 2188 681 2258 iter
694 2184 845 2276 fecerat,
863 2187 900 2260 in
915 2187 1071 2260 nansitu
1085 2189 1202 2263 Dravi
1218 2188 1281 2262 flu·

211 2304 318 2376 minis
336 2331 378 2376 ex
392 2303 556 2377 locorum
571 2318 607 2376 et
619 2330 793 2403 aquarum
805 2301 1054 2378 insalubritate
1068 2304 1185 2380 soluti
1202 2332 1281 2381 veu-

212 2421 277 2494 tris
297 2420 529 2495 incommodo
546 2423 703 2521 graviter
720 2423 867 2494 affectus
883 2437 937 2495 est
958 2437 995 2496 et
1012 2448 1097 2522 pars
1115 2426 1196 2524 ejtu
1212 2450 1279 2499 non

210 2539 350 2613 modica
364 2538 433 2612 hoc
451 2538 583 2613 morbo
598 2556 809 2640 consumpta
824 2554 891 2614 est.
904 2539 951 2613 ni
962 2554 1037 2614 tres
1048 2539 1280 2617 exercitusde

211 2657 364 2730 Saxonia
382 2673 419 2729 et
434 2656 602 2729 orientali
620 2656 768 2729 Francia
788 2671 826 2730 et
841 2655 1055 2731 Alamannia
1070 2658 1143 2757 (ὃ),
1161 2657 1280 2759 Bajoa-

210 2775 262 2845 ria
280 2801 426 2875 quoque
447 2789 554 2874 atque
577 2775 676 2847 ltalia
702 2774 911 2877 congregati
928 2788 1028 2849 sunt.
1048 2774 1200 2869 Quibus
1218 2774 1281 2850 tlo-

211 2917 313 2962 mum
330 2893 499 2978 reversis,
517 2892 764 2967 carniolenses
772 2948 784 2984 ,
803 2894 867 2994 qui
884 2893 978 2965 circa
993 2893 1131 2969 Savum
1146 2895 1206 2995 (4)
1222 2892 1281 2967 flu·

213 3008 312 3077 sinm
330 3005 495 3079 habitant
513 3025 549 3081 et
564 3008 872 3106 forojuliensibus
884 3035 977 3109 pene
994 3010 1164 3111 contigui
1181 3025 1278 3098 suut,

213 3123 376 3196 Baldrico
394 3151 430 3195 se
445 3123 682 3208 dediderunt;
707 3124 800 3199 idem
817 3140 854 3199 et
872 3152 955 3225 pars
974 3124 1278 3210 carantanorum

211 3269 293 3340 qnae
310 3241 353 3312 ad
371 3241 560 3316 Liudewiti
579 3258 697 3341 partes
714 3271 731 3314 a
752 3243 859 3316 nobis
876 3239 1075 3332 defecerat,
1095 3242 1279 3318 facerecu·

212 3360 316 3430 ravit.
333 3359 479 3448 Foedus,
495 3361 589 3432 inter
603 3386 669 3433 nos
687 3376 724 3432 et
740 3359 877 3432 Abulaz
895 3386 1012 3459 regem
1030 3360 1219 3460 Hispania,²
1234 3358 1280 3457 (dl

213 3477 452 3548 constitutum
482 3492 518 3548 et
541 3478 661 3549 neutri
693 3478 786 3575 parti
818 3476 900 3548 satis
932 3474 1141 3575 proficuum
1157 3533 1169 3565 ,
1198 3502 1279 3553 oon·

247 3746 287 3809 (a)
308 3742 398 3797 Voces
411 3761 474 3794 cum
487 3745 526 3795 eis
540 3763 555 3795 a
568 3742 593 3795 N
596 3761 690 3796 uenar.
703 3742 805 3796 comite
818 3742 997 3796 omittuntur.

247 3836 287 3900 (a)
306 3833 387 3885 Pertz
404 3858 408 3885 :
425 3831 614 3888 ‹levastnnten

246 3918 285 3990 (3)
304 3920 374 3976 Cod.
393 3920 554 3975 Vindobon.
567 3921 619 3988 fxit
636 3947 640 3974 :
659 3923 833 3976 Alimannia.

246 4011 284 4079 (4)
303 4011 580 4077 trocnadensium,
596 4031 660 4065 cum
674 4011 735 4066 cod.
751 4011 909 4066 Trevirensi
926 4033 931 4062 ε
951 4010 1144 4066 Cercasorum
1149 4011 1274 4083 flavum,

212 4099 258 4152 sed
272 4119 416 4172 perperam
429 4102 579 4157 evidenter.

246 4185 283 4257 (5)
304 4189 334 4241 ll.
350 4190 433 4261 Bouq.
448 4210 510 4244 etun
529 4192 617 4246 Nuen.
632 4194 748 4246 cortule·
767 4210 859 4263 regem
873 4190 1087 4244 Saracenorum.
