3000 5272
213 441 250 502 14
464 438 559 500 VITA
580 437 727 500 KAROLI
751 437 1026 503 lucssuutouls.

210 586 279 646 ret.
296 572 477 669 Susceptae
488 584 574 644 suut
587 571 759 670 utrinque
773 570 1018 659 conditiones,
1032 585 1069 644 et
1081 596 1163 671 pars
1175 571 1279 670 negni

209 686 311 761 divisi
330 691 433 788 juxta
457 686 608 761 modum
631 685 700 760 sibi
725 687 954 786 propositum
969 684 1015 758 ab
1039 701 1197 788 utroque
1217 713 1281 761 re-

212 819 313 903 cepta
330 819 397 878 est.
417 803 622 904 Mansitque
643 803 729 891 ista,
752 804 914 904 quamvis
935 830 1018 877 oum
1034 828 1171 877 summa
1188 801 1280 876 diffi-

211 920 367 1008 cultate,
393 919 605 1006 concordio,
629 920 753 993 multis
775 946 817 997 ex
838 935 940 1019 porte
961 919 1198 994 Karlomanni
1218 944 1281 994 so—

212 1039 379 1112 cietatem
404 1061 565 1137 separare
590 1035 843 1123 molientibus,
869 1037 958 1111 adeo
985 1053 1028 1109 ut
1051 1036 1199 1137 quidam
1221 1062 1281 1111 cos

212 1156 320 1229 etiam
331 1150 434 1228 bello
450 1155 677 1228 committere
693 1154 766 1225 sint
783 1153 960 1230 meditati.
976 1153 1044 1229 Sed
1059 1154 1098 1227 in
1115 1152 1185 1227 hoc
1200 1152 1282 1252 plus

212 1271 426 1370 suspicionis
440 1271 492 1367 (1)
507 1294 616 1370 quam
628 1269 779 1368 periculi
793 1268 921 1362 fuisse,
938 1271 1013 1368 ipse
1029 1295 1152 1342 rerum
1167 1269 1282 1344 exitus

213 1388 445 1488 approbavit,
472 1413 576 1476 cum,
601 1386 774 1461 defuncto
797 1386 1068 1474 Karlomauno,
1093 1411 1187 1461 uxor
1208 1388 1283 1485 ejus

215 1522 251 1578 et
266 1506 330 1579 filii
349 1532 432 1578 cum
446 1503 663 1606 quibusdam
675 1506 737 1604 qui
753 1532 795 1577 ex
811 1505 1028 1603 optimatum
1042 1508 1116 1603 ejus
1129 1529 1283 1578 numero

215 1626 393 1721 primores
406 1639 530 1710 erant,
548 1622 685 1694 ltaliam
702 1621 786 1721 fuga
800 1622 904 1720 petiit
921 1623 976 1718 (a)
986 1675 996 1708 ,
1014 1637 1050 1694 et
1067 1619 1177 1692 nullis
1191 1621 1285 1694 exis-

216 1740 378 1814 tentibus
402 1741 534 1827 causis,
559 1756 680 1839 spreto
702 1740 822 1811 mariti
846 1737 976 1825 fratrc,
999 1737 1066 1811 sub
1088 1737 1282 1827 Desiderii,

215 1858 307 1958 mgis
324 1856 645 1958 Langobardorum
660 1857 737 1955 (ὅ),
756 1857 1001 1955 patrocinium
1018 1881 1053 1930 se
1067 1882 1151 1929 cum
1164 1854 1286 1932 liberis

216 1975 287 2047 suis
303 1973 461 2049 contulit
472 1974 540 2073 (4).
559 1974 609 2048 Et
621 1975 886 2049 Karlomannus
897 1973 1043 2076 quidem
1060 1989 1143 2074 post
1154 1975 1289 2050 ammi-

217 2091 412 2164 nistratum
426 2091 670 2164 communiter
686 2089 835 2165 biennio
852 2116 1006 2190 regnum
1018 2090 1151 2164 morbo
1166 2090 1288 2166 deces-

218 2209 265 2281 sit
273 2238 284 2296 ς
315 2208 370 2306 (5)
397 2209 552 2281 Karolus
579 2222 721 2294 autem,
750 2207 863 2282 fratre
884 2207 1078 2295 defuncto,
1109 2232 1287 2282 consensu

218 2325 383 2398 omnium
400 2325 623 2398 Francorum
644 2351 707 2397 rex
730 2325 978 2397 constituitur.

269 2673 333 2746 lv.
362 2674 416 2746 De
439 2678 538 2772 cujus
560 2676 746 2747 nativitate
768 2692 876 2774 atque
897 2672 1071 2759 infantia,
1098 2671 1155 2745 vel
1181 2673 1291 2745 etium

220 2790 392 2888 pueritia,
419 2793 502 2890 quia
522 2818 639 2892 neque
656 2793 798 2891 scriptis
820 2817 970 2891 usquam
990 2790 1040 2886 (6)
1065 2787 1204 2889 aliquid
1225 2786 1293 2863 dc-

220 2905 396 2978 claratum
409 2921 481 2993 est,
498 2933 615 3008 neque
629 2909 820 3009 quisquam
833 2907 942 2982 modo
957 2933 1137 3007 superesse
1152 2907 1294 2980 inveni·

225 3038 304 3109 tur,
333 3023 398 3123 qui
427 3021 560 3097 horum
585 3051 622 3097 se
647 3025 743 3098 dieat
765 3023 896 3097 habere
919 3025 1110 3111 notitiam,
1135 3021 1295 3098 scribere

224 3138 388 3238 ineptum
401 3139 584 3240 judicans,
606 3141 650 3215 ad
667 3156 765 3215 actus
783 3157 820 3216 et
838 3167 956 3216 mores
971 3159 1187 3241 caeterasque
1207 3141 1294 3213 vitae

224 3256 319 3330 illius
347 3274 466 3357 partes
493 3259 716 3359 explicandas
739 3286 779 3333 uc
804 3259 1122 3346 demonstrandas,
1153 3257 1295 3331 omissis

197 3456 199 3460 .
226 3373 437 3474 incognitis,
456 3376 608 3448 transire
623 3373 800 3474 disposui;
823 3376 870 3446 ita
891 3390 1008 3448 tamen
1024 3374 1099 3473 (7),
1116 3387 1160 3444 ut
1170 3371 1295 3471 primo

261 3599 300 3670 (r)
318 3600 413 3668 Perta,
428 3617 557 3656 cumnou
569 3600 653 3656 nullis
665 3601 746 3657 codd.
763 3604 892 3674 suspecti.

260 3691 300 3759 (a)
318 3689 441 3746 Naeuar.
453 3707 526 3745 com.
542 3700 571 3746 et
583 3691 672 3766 Marq.
687 3691 842 3746 Freberus:
857 3698 972 3762 peteret.

261 3775 300 3849 (3)
318 3775 363 3832 Al.
381 3777 641 3850 Langobardorum.

261 3871 302 3938 (t)
321 3868 347 3923 N
350 3886 445 3923 uenar.
456 3887 528 3924 com.
543 3879 571 3924 et
583 3869 670 3942 Marq.
683 3868 839 3923 Freherus:
855 3866 980 3944 efferret.

263 3957 303 4031 (5)
320 3960 493 4015 Pertzianam
506 3956 670 4016 divisionem
684 3962 867 4026 retinuimus3
883 3961 928 4013 hic
942 3968 1034 4013 autem
1048 3956 1080 4009 D.
1096 3955 1258 4028 Bouquctus
1269 3961 1297 4007 et

230 4049 275 4105 alii
290 4050 411 4106 editores
425 4051 522 4122 capitis
535 4068 562 4104 tv
571 4051 684 4105 initium
699 4060 816 4122 ponunt.

265 4138 304 4207 (6)
324 4139 420 4194 Plures
432 4139 513 4194 codd.
530 4159 662 4211 utiquam.

267 4228 305 4299 (7)
324 4229 366 4282 Cf.
382 4229 506 4283 Suctonii
520 4229 637 4299 August.
654 4245 712 4298 cup.
724 4243 751 4297 9.
