3000 5272
213 406 274 468 ³7⁸
600 397 884 461 HLUDOWICUS.

212 535 361 610 natione
386 533 588 632 completa,
616 533 709 604 circe
737 529 865 606 hiemis
890 530 1035 605 initium
1061 531 1276 634 Aquergnni

213 676 376 725 reversus
391 663 458 723 est.
1014 682 1017 686 >

261 769 304 841 ln
322 765 508 840 territorio
525 762 688 837 Tullensi
709 765 813 862 juxta
837 761 1150 838 commerciacum
1164 764 1280 839 villeiii

211 882 331 983 puella
343 881 510 982 quaedsm
522 906 704 954 annorum
716 879 863 953 circiter
877 904 931 953 xii
945 894 1029 980 post
1040 906 1181 955 sectum
1191 907 1281 959 com-

211 1001 448 1091 munionem,
464 1025 573 1099 quam
590 999 629 1070 in
642 995 773 1069 Pascha
783 994 829 1071 de
844 995 1036 1071 sacerdotis
1049 1022 1165 1072 manu
1178 996 1282 1073 clii-ie·

212 1119 315 1191 tiano
336 1140 440 1190 more
462 1130 664 1215 susceperat
680 1115 759 1213 (i),
777 1114 900 1214 primo
919 1139 1034 1215 pane,
1056 1112 1190 1191 deinde
1209 1114 1281 1189 eliis

212 1232 385 1307 omnibus
400 1231 489 1306 cibis
503 1249 540 1307 et
558 1231 707 1332 potibus
725 1230 962 1322 abstinendo,
982 1233 1021 1307 iii
1038 1235 1282 1335 tuntumJ'eju·

211 1375 311 1422 nasse
328 1346 556 1447 perhibetur,
576 1365 617 1422 ut
642 1347 741 1421 nulla
757 1348 902 1447 penitus
928 1348 1094 1448 corporis
1115 1348 1282 1423 alimenta

211 1465 434 1564 percipiens,
450 1465 528 1539 sine
540 1465 642 1539 omni
655 1465 773 1536 victus
785 1461 962 1538 desiderio
976 1465 1164 1564 integrum
1176 1464 1282 1540 tiieu·

212 1581 317 1654 nium
332 1582 582 1682 compleverit.
602 1583 725 1681 Coepit
740 1597 861 1657 nutem
874 1584 1036 1682 jejunare
1053 1607 1157 1656 anno
1172 1582 1281 1656 incur·

211 1698 371 1772 nationis
386 1699 589 1774 Dominicae
604 1722 789 1772 ccccxxiii
798 1751 809 1788 ,
828 1698 923 1770 sicut
939 1698 977 1771 in
994 1698 1105 1798 ipsius
1117 1699 1207 1772 suni
1222 1696 1281 1774 de·

212 1817 410 1916 scriptione
422 1818 587 1917 superius
599 1833 817 1892 annotatum
830 1831 901 1906 est,
916 1832 954 1890 et
969 1815 1040 1891 boc
1052 1842 1169 1908 unno,
1185 1817 1222 1891 id
1234 1831 1281 1891 est

213 1957 391 2030 necem,
411 1935 505 2008 circe
529 1933 737 2011 novembris
752 1935 885 2009 mensis
903 1935 1050 2008 initium
1069 1949 1221 2036 peracto
1233 1939 1279 2036 je

208 2052 315 2150 junio
342 2078 459 2127 escam
480 2079 621 2129 sumere
643 2078 684 2126 ac
704 2077 807 2128 more
832 2066 1048 2128 caeterorum
1075 2052 1278 2128 mortalium

211 2167 464 2245 manducando
480 2171 600 2245 vivere
618 2171 744 2270 coepit.

621 2819 882 2894 Dcccxxvi.

264 2990 358 3064 Cum
369 2994 445 3094 iegi
459 2994 697 3095 Bulgurorum
710 2993 816 3094 legati
830 2994 885 3069 sui
897 2992 989 3095 quid
999 2993 1143 3095 egerint
1153 3016 1280 3070 rentur

215 3107 382 3199 tiussent,
403 3111 535 3184 iterum
548 3137 632 3186 eum
645 3136 755 3212 quem
766 3113 889 3213 primo
902 3112 1049 3187 miseret
1065 3111 1112 3185 ad
1129 3112 1281 3214 impere-

215 3241 335 3302 torem
357 3253 440 3299 cum
460 3227 591 3303 litteris
611 3229 770 3316 remisit,
793 3254 924 3330 iugens
944 3243 986 3301 ut
1004 3229 1082 3303 sine
1100 3251 1281 3303 moreium

217 3345 495 3444 interpositione
514 3348 757 3421 terminorum
770 3346 935 3423 definitio
954 3344 1076 3438 lieret,
1095 3345 1154 3421 vel
1171 3346 1202 3419 si
1220 3343 1281 3421 boc

215 3487 295 3537 uon
307 3462 477 3561 placeret,
494 3490 576 3539 suos
589 3465 741 3566 quisque
753 3466 930 3540 terminos
945 3464 1022 3538 sine
1034 3465 1133 3565 pscis
1148 3463 1282 3539 foedes

217 3593 394 3654 tueretur.
409 3581 476 3653 Cui
500 3582 709 3681 imperator,
735 3583 818 3684 quia
834 3582 926 3655 famu
948 3596 1024 3656 erat
1047 3581 1283 3683 Bulgsrorem

217 3724 339 3800 regem
356 3726 376 3771 a
398 3726 465 3775 suo
480 3700 638 3801 quodam
653 3701 828 3802 optimate
846 3718 909 3774 sut
933 3724 1047 3802 reguo
1063 3698 1214 3799 pulsum
1228 3711 1284 3771 sut

219 3814 450 3889 intersectum
462 3869 473 3903 ,
502 3816 719 3915 respondere
745 3815 886 3889 distulit
898 3846 909 3905 ;
939 3814 1075 3916 illoque
1102 3828 1283 3915 expectare

254 4118 293 4186 (i)
312 4116 353 4170 Ita
364 4116 448 4172 habet
458 4117 491 4171 D.
508 4117 631 4190 Bouq.·-
641 4117 731 4186 Pertz,
747 4137 812 4173 cuin
825 4116 885 4172 cod.
895 4119 1010 4172 Aruiau.
1022 4115 1057 4170 ele
1069 4135 1093 4171 s.
1107 4136 1144 4170 m.
1155 4111 1281 4172 sumendo

218 4217 389 4279 perceperat.
