3000 5272
208 426 272 486 236
646 421 836 482 nanetus.

209 552 466 628 Godesealcum
486 552 563 650 (ι),
586 554 678 652 regis
697 551 873 652 legatum,
893 578 1001 652 quem
1017 552 1079 625 ille
1094 568 1181 627 ante
1196 579 1278 652 pau·

212 698 273 746 uos
301 669 375 742 dies
401 668 444 741 ad
469 667 680 768 sigifridum
706 694 826 768 regem
852 671 1038 742 Danorum
1063 670 1225 743 miserat.
1252 671 1279 741 ls

213 815 297 860 cum
320 786 446 860 eodem
472 801 635 884 tempore
663 786 717 884 (a)
742 799 997 874 reverteretur,
1023 783 1070 857 ab
1096 784 1204 885 hujus
1229 787 1279 884 (3)

214 903 401 979 seditionis
431 901 638 977 auctoribus
669 903 889 1001 interceptus
921 915 1029 1002 atque
1055 902 1196 977 occisus
1220 917 1280 976 est.

214 1021 358 1116 Quibus
378 1023 549 1121 acceptis,
570 1049 634 1094 rex
651 1023 809 1119 graviter
826 1035 1049 1108 commotus,
1068 1034 1283 1121 congregato

215 1139 396 1224 exercitu,
417 1139 454 1209 in
472 1137 572 1225 loco,
598 1137 655 1209 cui
678 1137 801 1210 Minda
820 1136 875 1234 (4)
896 1161 1051 1224 nomen,
1076 1143 1187 1236 su'per
1203 1136 1284 1207 Wi-

218 1283 338 1328 suram
355 1271 468 1328 castra
484 1257 622 1355 posuit,
638 1271 747 1355 atque
761 1257 798 1328 in
813 1254 1024 1354 foedifragos
1036 1280 1077 1326 ae
1088 1252 1285 1329 desertores

217 1400 313 1445 arma
326 1373 518 1471 corripuit,
531 1388 568 1445 et
580 1371 680 1444 ultor
691 1373 788 1445 necis
800 1372 1000 1471 legatorum
1010 1396 1178 1457 suorum,
1189 1371 1285 1471 quic·

215 1489 305 1591 quid
322 1490 486 1563 Saxoniae
504 1490 601 1563 inter
618 1489 763 1561 Albiam
779 1516 819 1562 ac
832 1491 999 1564 Visuram
1015 1491 1225 1589 interjacet,
1241 1503 1287 1561 to·

217 1624 297 1678 tum
319 1606 424 1680 ferro
442 1623 479 1678 et
501 1605 584 1705 igne
609 1607 771 1677 vastavit.
796 1605 1043 1679 Transalbiani
1070 1622 1193 1680 autem
1216 1608 1284 1703 (5),

217 1719 384 1819 superbia
401 1721 504 1808 elati,
524 1746 568 1794 eo
587 1720 686 1820 quod
703 1722 794 1822 regis
811 1721 945 1820 legatos
963 1723 1114 1822 impune
1130 1721 1287 1795 occidam

218 1854 419 1936 potuerunt
431 1891 441 1925 ,
462 1839 612 1935 arreptis
636 1840 744 1911 armis
762 1855 888 1913 contra
906 1837 1104 1913 Abodritos
1127 1837 1288 1938 proficis-

219 1970 367 2029 cuntur.
384 1953 474 2029 Nam
489 1953 657 2028 Abodriti
675 1957 902 2030 auxiliatores
914 1958 1141 2030 Francorum
1155 1982 1288 2056 semper

220 2069 385 2157 fuerunt,
400 2097 442 2143 ex
454 2097 528 2170 quo
540 2072 648 2143 semel
658 2070 703 2142 ab
715 2074 765 2144 eis
777 2073 814 2144 in
826 2075 1032 2145 societatem
1043 2073 1183 2171 recepti
1196 2085 1285 2144 sunt.

222 2187 389 2281 Quorum
405 2190 477 2263 dux
493 2188 665 2264 Thrasico
684 2191 761 2287 (6),
782 2191 929 2290 cognito
948 2187 1288 2263 Transalbianorum

223 2322 326 2381 motu
336 2362 348 2396 ,
367 2308 416 2380 eis
437 2334 519 2378 cum
537 2307 706 2380 omnibus
726 2309 837 2406 copiis
855 2309 926 2380 suis
943 2309 979 2379 in
998 2307 1080 2381 loco
1098 2309 1163 2408 qui
1181 2309 1288 2381 Suen-

223 2439 305 2495 tana
323 2439 472 2496 vocatur
489 2426 672 2513 occurrit,
696 2426 959 2524 commissoque
983 2424 1132 2524 praelio,
1159 2423 1288 2526 ingenti

223 2567 284 2614 eos
301 2542 397 2614 caede
415 2543 622 2640 prostravit.
643 2541 735 2612 Nam
755 2544 790 2612 in
809 2543 924 2641 prima
944 2542 1200 2640 congressione
1213 2567 1289 2641 qua·

225 2675 311 2732 tuor
334 2660 445 2731 millia
474 2686 600 2732 eorum
634 2659 798 2731 cecidisse
830 2662 988 2732 narravit
1019 2660 1157 2760 legatus
1182 2659 1287 2759 regis,

264 2991 303 3055 (r)
322 2987 377 3042 All.
395 2987 624 3055 Godessclacum,
643 2986 877 3050 Godeschalcum‚
896 2981 1141 3039 Goteseltalcltum.

263 3090 301 3160 (a)
320 3089 355 3142 l).
371 3091 457 3163 Bouq.
469 3109 532 3143 curn
547 3090 669 3144 Nuenar.
685 3089 786 3143 comite
802 3112 807 3138 τ
824 3106 886 3140 cum
896 3088 1034 3158 legatione
1037 3083 1167 3157 functus
1179 3103 1204 3137 r.

264 3193 301 3264 (3)
320 3195 373 3248 Hic
383 3194 463 3249 codd.
474 3194 634 3250 Vindobon.
644 3192 712 3259 654;
723 3193 792 3264 Reg.
802 3192 886 3245 Paris.
896 3188 967 3265 5924
976 3199 1004 3244 et
1014 3188 1175 3245 Trevirens.
1185 3186 1287 3262 legunte

228 3284 266 3337 ab
278 3283 384 3347 [lautu
397 3295 425 3339 et
438 3286 477 3338 sic
491 3284 576 3339 habet
588 3295 669 3356 pocta
682 3284 760 3338 Saxo.
778 3305 791 3331 κ
802 3280 896 3356 Hujus
913 3291 1008 3334 tamen
1020 3278 1153 3353 prefero,
1172 3278 1215 3333 uti
1227 3285 1290 3333 recte

229 3375 268 3428 ait
277 3374 415 3441 Pertzius,
430 3393 518 3448 quum
532 3376 654 3447 primum
668 3374 749 3428 liuius
761 3383 790 3428 et
803 3371 885 3426 dutus
897 3371 927 3425 iu
938 3368 1086 3425 scribendo
1095 3368 1230 3425 facillime
1237 3384 1290 3442 per-

230 3472 375 3517 mutentur
387 3474 416 3517 et
429 3465 629 3517 sententiarum
644 3480 730 3516 nexus
739 3461 831 3515 Hunis
847 3478 904 3515 non
918 3458 1067 3513 admittere
1077 3456 1218 3513 videatur.
1232 3454 1292 3511 llam

230 3551 253 3605 si
273 3551 439 3618 Einhartus‚
455 3553 552 3606 Hunos
566 3552 685 3624 legatos,
702 3552 751 3624 qui
771 3549 905 3623 populum
925 3549 960 3603 ad
979 3546 1163 3604 rebellionem
1180 3546 1290 3603 eoncita-

230 3651 306 3708 reut,
323 3642 352 3694 in
364 3641 510 3696 Saxoniam
523 3643 642 3707 misisse,
658 3651 686 3694 et
698 3658 760 3707 eos,
775 3657 832 3712 quo
844 3639 948 3694 certius
961 3638 1017 3692 voti
1029 3648 1175 3711 compotes
1190 3636 1289 3697 fierem,

229 3729 393 3785 Godescalei
408 3731 507 3785 caedem
520 3740 707 3803 perpetrasse,
721 3729 813 3784 dicere
825 3728 968 3796 voluisset,
984 3726 1038 3781 alio
1050 3736 1127 3781 certe
1136 3725 1223 3782 modo
1234 3719 1290 3781 tanti

229 3822 364 3874 momenti
378 3839 437 3875 rem
452 3821 647 3874 enuntiaturus
659 3819 765 3873 fuisset.
780 3842 792 3867 υ

265 3927 305 3994 (d)
324 3924 654 3993 A11.Mimda,Munda,
671 3923 783 3979 Mitida.

266 4022 304 4093 (5)
323 4026 376 4079 lllc
391 4025 509 4079 Nuenar,
523 4045 595 4079 com.
611 4026 687 4079 etl).
702 4025 789 4096 llouq.
804 4022 928 4076 addunt:
945 4025 995 4096 qui
1004 4020 1190 4077 Nordmanm'
1200 4034 1287 4075 vocat·

233 4123 286 4164 tur.

269 4217 306 4287 (li)
326 4217 378 4270 All.
400 4219 521 4277 Tarcho.
541 4219 645 4279 Tusco,
667 4218 782 4271 'l'ltnsco
