<?xml version="1.0" encoding="UTF-8"?>
<!DOCTYPE html PUBLIC "-//W3C//DTD XHTML 1.0 Transitional//EN"
    "http://www.w3.org/TR/xhtml1/DTD/xhtml1-transitional.dtd">
<html xmlns="http://www.w3.org/1999/xhtml" xml:lang="en" lang="en">
 <head>
  <title>
</title>
<meta http-equiv="Content-Type" content="text/html;charset=utf-8" />
  <meta name='ocr-system' content='tesseract 3.04.00' />
  <meta name='ocr-capabilities' content='ocr_page ocr_carea ocr_par ocr_line ocrx_word'/>
</head>
<body>
  <div class='ocr_page' id='page_1' title='image "./einhardiomniaqu01einhgoog_0073.png"; bbox 0 0 3000 5272; ppageno 0'>
   <div class='ocr_carea' id='block_1_1' title="bbox 210 396 1017 462">
    <p class='ocr_par' dir='ltr' id='par_1_1' title="bbox 210 396 1017 462">
     <span class='ocr_line' id='line_1_1' title="bbox 210 396 1017 462; baseline -0.005 -1"><span class='ocrx_word' id='word_1_1' title='bbox 210 403 249 461; x_wconf 84' lang='lat'><strong>58</strong></span> <span class='ocrx_word' id='word_1_2' title='bbox 460 398 554 459; x_wconf 79' lang='lat' dir='ltr'>VITA</span> <span class='ocrx_word' id='word_1_3' title='bbox 575 396 723 458; x_wconf 72' lang='lat' dir='ltr'><strong>Klaotl</strong></span> <span class='ocrx_word' id='word_1_4' title='bbox 745 398 1017 462; x_wconf 77' lang='lat' dir='ltr'><strong>IMPERATORIS.</strong></span> 
     </span>
    </p>
   </div>
   <div class='ocr_carea' id='block_1_2' title="bbox 210 529 1278 1448">
    <p class='ocr_par' dir='ltr' id='par_1_2' title="bbox 210 529 1278 1448">
     <span class='ocr_line' id='line_1_2' title="bbox 213 529 1275 632; baseline 0.008 -29"><span class='ocrx_word' id='word_1_5' title='bbox 213 531 362 617; x_wconf 70' lang='lat' dir='ltr'><strong>maniae,</strong></span> <span class='ocrx_word' id='word_1_6' title='bbox 382 542 461 603; x_wconf 92' lang='lat' dir='ltr'><strong>toto</strong></span> <span class='ocrx_word' id='word_1_7' title='bbox 478 531 585 602; x_wconf 88' lang='lat' dir='ltr'><strong>ctiam</strong></span> <span class='ocrx_word' id='word_1_8' title='bbox 602 529 712 602; x_wconf 84' lang='lat' dir='ltr'><strong>ltaliae</strong></span> <span class='ocrx_word' id='word_1_9' title='bbox 730 530 853 604; x_wconf 87' lang='lat' dir='ltr'><strong>littore</strong></span> <span class='ocrx_word' id='word_1_10' title='bbox 869 557 980 632; x_wconf 85' lang='lat' dir='ltr'><strong>usque</strong></span> <span class='ocrx_word' id='word_1_11' title='bbox 1003 532 1175 623; x_wconf 85' lang='lat' dir='ltr'>Romam,</span> <span class='ocrx_word' id='word_1_12' title='bbox 1192 560 1275 611; x_wconf 88' lang='lat' dir='ltr'><strong>eon·</strong></span> 
     </span>
     <span class='ocr_line' id='line_1_3' title="bbox 210 647 1276 750; baseline 0.008 -32"><span class='ocrx_word' id='word_1_13' title='bbox 210 662 265 719; x_wconf 87' lang='lat' dir='ltr'><strong>tra</strong></span> <span class='ocrx_word' id='word_1_14' title='bbox 288 647 433 720; x_wconf 90' lang='lat' dir='ltr'><strong>Mauros</strong></span> <span class='ocrx_word' id='word_1_15' title='bbox 454 674 570 746; x_wconf 82' lang='lat' dir='ltr'>nuper</span> <span class='ocrx_word' id='word_1_16' title='bbox 592 649 789 748; x_wconf 75' lang='lat' dir='ltr'><strong>pyraticam</strong></span> <span class='ocrx_word' id='word_1_17' title='bbox 816 675 980 723; x_wconf 87' lang='lat' dir='ltr'><strong>exercere</strong></span> <span class='ocrx_word' id='word_1_18' title='bbox 1007 676 1206 750; x_wconf 78' lang='lat' dir='ltr'>aggressos,</span> <span class='ocrx_word' id='word_1_19' title='bbox 1234 682 1276 726; x_wconf 87' lang='lat' dir='ltr'><strong>ae</strong></span> 
     </span>
     <span class='ocr_line' id='line_1_4' title="bbox 211 760 1274 863; baseline 0.009 -31"><span class='ocrx_word' id='word_1_20' title='bbox 211 788 276 861; x_wconf 87' lang='lat' dir='ltr'><strong>per</strong></span> <span class='ocrx_word' id='word_1_21' title='bbox 306 760 375 835; x_wconf 91' lang='lat' dir='ltr'><strong>hoc</strong></span> <span class='ocrx_word' id='word_1_22' title='bbox 404 760 508 835; x_wconf 91' lang='lat' dir='ltr'><strong>nullo</strong></span> <span class='ocrx_word' id='word_1_23' title='bbox 539 764 637 863; x_wconf 81' lang='lat' dir='ltr'><strong>gravi</strong></span> <span class='ocrx_word' id='word_1_24' title='bbox 665 762 822 862; x_wconf 91' lang='lat' dir='ltr'><strong>dampno</strong></span> <span class='ocrx_word' id='word_1_25' title='bbox 849 765 906 838; x_wconf 86' lang='lat' dir='ltr'><strong>vel</strong></span> <span class='ocrx_word' id='word_1_26' title='bbox 934 764 1033 837; x_wconf 86' lang='lat' dir='ltr'><strong>ltalia</strong></span> <span class='ocrx_word' id='word_1_27' title='bbox 1064 793 1083 837; x_wconf 88' lang='lat' dir='ltr'><strong>a</strong></span> <span class='ocrx_word' id='word_1_28' title='bbox 1113 768 1274 857; x_wconf 87' lang='lat' dir='ltr'><strong>Mauris,</strong></span> 
     </span>
     <span class='ocr_line' id='line_1_5' title="bbox 211 877 1277 977; baseline 0.008 -28"><span class='ocrx_word' id='word_1_29' title='bbox 211 879 267 952; x_wconf 88' lang='lat' dir='ltr'><strong>vel</strong></span> <span class='ocrx_word' id='word_1_30' title='bbox 284 877 398 951; x_wconf 87' lang='lat' dir='ltr'><strong>Gallia</strong></span> <span class='ocrx_word' id='word_1_31' title='bbox 417 897 522 977; x_wconf 90' lang='lat' dir='ltr'><strong>atque</strong></span> <span class='ocrx_word' id='word_1_32' title='bbox 540 879 730 952; x_wconf 82' lang='lat' dir='ltr'><strong>Germania</strong></span> <span class='ocrx_word' id='word_1_33' title='bbox 752 908 771 951; x_wconf 88' lang='lat' dir='ltr'><strong>a</strong></span> <span class='ocrx_word' id='word_1_34' title='bbox 795 880 1031 954; x_wconf 87' lang='lat' dir='ltr'><strong>Nortmannis</strong></span> <span class='ocrx_word' id='word_1_35' title='bbox 1053 879 1179 955; x_wconf 88' lang='lat' dir='ltr'><strong>diebus</strong></span> <span class='ocrx_word' id='word_1_36' title='bbox 1203 887 1277 958; x_wconf 89' lang='lat' dir='ltr'><strong>suis</strong></span> 
     </span>
     <span class='ocr_line' id='line_1_6' title="bbox 211 995 1278 1094; baseline 0.007 -28"><span class='ocrx_word' id='word_1_37' title='bbox 211 995 335 1068; x_wconf 81' lang='lat' dir='ltr'><strong>allecta</strong></span> <span class='ocrx_word' id='word_1_38' title='bbox 351 1009 405 1067; x_wconf 91' lang='lat' dir='ltr'><strong>est</strong></span> <span class='ocrx_word' id='word_1_39' title='bbox 416 1047 427 1083; x_wconf 87' lang='lat'><strong><em>,</em></strong></span> <span class='ocrx_word' id='word_1_40' title='bbox 455 995 704 1094; x_wconf 76' lang='lat' dir='ltr'><strong>praeterquod</strong></span> <span class='ocrx_word' id='word_1_41' title='bbox 726 996 1000 1086; x_wconf 77' lang='lat' dir='ltr'><strong>Centumcellae,</strong></span> <span class='ocrx_word' id='word_1_42' title='bbox 1023 998 1145 1071; x_wconf 86' lang='lat' dir='ltr'><strong>civitas</strong></span> <span class='ocrx_word' id='word_1_43' title='bbox 1161 1000 1278 1074; x_wconf 83' lang='lat' dir='ltr'><strong>Etru·</strong></span> 
     </span>
     <span class='ocr_line' id='line_1_7' title="bbox 215 1111 1276 1215; baseline 0.008 -33"><span class='ocrx_word' id='word_1_44' title='bbox 215 1113 278 1184; x_wconf 81' lang='lat' dir='ltr'><strong>riae</strong></span> <span class='ocrx_word' id='word_1_45' title='bbox 292 1114 359 1208; x_wconf 82' lang='lat' dir='ltr'><strong>(r),</strong></span> <span class='ocrx_word' id='word_1_46' title='bbox 376 1138 440 1210; x_wconf 87' lang='lat' dir='ltr'><strong>per</strong></span> <span class='ocrx_word' id='word_1_47' title='bbox 457 1111 700 1210; x_wconf 89' lang='lat' dir='ltr'><strong>proditionem</strong></span> <span class='ocrx_word' id='word_1_48' title='bbox 715 1140 733 1184; x_wconf 87' lang='lat' dir='ltr'><strong>a</strong></span> <span class='ocrx_word' id='word_1_49' title='bbox 752 1114 886 1186; x_wconf 85' lang='lat' dir='ltr'><strong>Mauris</strong></span> <span class='ocrx_word' id='word_1_50' title='bbox 906 1131 1006 1214; x_wconf 87' lang='lat' dir='ltr'><strong>capta</strong></span> <span class='ocrx_word' id='word_1_51' title='bbox 1024 1131 1130 1215; x_wconf 90' lang='lat' dir='ltr'><strong>atque</strong></span> <span class='ocrx_word' id='word_1_52' title='bbox 1143 1133 1276 1190; x_wconf 86' lang='lat' dir='ltr'><strong>vastata</strong></span> 
     </span>
     <span class='ocr_line' id='line_1_8' title="bbox 213 1231 1276 1330; baseline 0.004 -27"><span class='ocrx_word' id='word_1_53' title='bbox 213 1245 285 1318; x_wconf 86' lang='lat' dir='ltr'><strong>est,</strong></span> <span class='ocrx_word' id='word_1_54' title='bbox 317 1246 352 1302; x_wconf 93' lang='lat' dir='ltr'><strong>et</strong></span> <span class='ocrx_word' id='word_1_55' title='bbox 381 1232 416 1302; x_wconf 95' lang='lat' dir='ltr'><strong>in</strong></span> <span class='ocrx_word' id='word_1_56' title='bbox 448 1232 559 1303; x_wconf 89' lang='lat' dir='ltr'><strong>Frisia</strong></span> <span class='ocrx_word' id='word_1_57' title='bbox 584 1231 747 1330; x_wconf 87' lang='lat' dir='ltr'><strong>quaedam</strong></span> <span class='ocrx_word' id='word_1_58' title='bbox 773 1232 899 1305; x_wconf 77' lang='lat' dir='ltr'><strong>insulae</strong></span> <span class='ocrx_word' id='word_1_59' title='bbox 923 1233 1139 1307; x_wconf 86' lang='lat' dir='ltr'><strong>Germanico</strong></span> <span class='ocrx_word' id='word_1_60' title='bbox 1159 1233 1276 1309; x_wconf 85' lang='lat' dir='ltr'><strong>littori</strong></span> 
     </span>
     <span class='ocr_line' id='line_1_9' title="bbox 215 1348 1023 1448; baseline 0.004 -30"><span class='ocrx_word' id='word_1_61' title='bbox 215 1349 394 1447; x_wconf 78' lang='lat' dir='ltr'><strong>contiguae</strong></span> <span class='ocrx_word' id='word_1_62' title='bbox 412 1375 432 1419; x_wconf 90' lang='lat' dir='ltr'><strong>a</strong></span> <span class='ocrx_word' id='word_1_63' title='bbox 449 1348 683 1422; x_wconf 88' lang='lat' dir='ltr'><strong>Nortmannis</strong></span> <span class='ocrx_word' id='word_1_64' title='bbox 699 1348 910 1448; x_wconf 70' lang='lat' dir='ltr'><strong>depraedatae</strong></span> <span class='ocrx_word' id='word_1_65' title='bbox 927 1366 1023 1422; x_wconf 91' lang='lat' dir='ltr'><strong>sunt.</strong></span> 
     </span>
    </p>
   </div>
   <div class='ocr_carea' id='block_1_3' title="bbox 214 1580 1281 2615">
    <p class='ocr_par' dir='ltr' id='par_1_3' title="bbox 214 1580 1279 2265">
     <span class='ocr_line' id='line_1_10' title="bbox 264 1580 1276 1682; baseline -0.002 -28"><span class='ocrx_word' id='word_1_66' title='bbox 264 1584 397 1656; x_wconf 85' lang='lat' dir='ltr'><strong>XVlll.</strong></span> <span class='ocrx_word' id='word_1_67' title='bbox 423 1584 546 1657; x_wconf 87' lang='lat' dir='ltr'><strong>Talem</strong></span> <span class='ocrx_word' id='word_1_68' title='bbox 561 1586 615 1682; x_wconf 84' lang='lat'><strong>(2)</strong></span> <span class='ocrx_word' id='word_1_69' title='bbox 632 1609 715 1656; x_wconf 91' lang='lat' dir='ltr'><strong>eum</strong></span> <span class='ocrx_word' id='word_1_70' title='bbox 731 1585 767 1654; x_wconf 89' lang='lat' dir='ltr'><strong>in</strong></span> <span class='ocrx_word' id='word_1_71' title='bbox 788 1581 922 1656; x_wconf 87' lang='lat' dir='ltr'><strong>tuendo</strong></span> <span class='ocrx_word' id='word_1_72' title='bbox 939 1599 975 1656; x_wconf 91' lang='lat' dir='ltr'><strong>et</strong></span> <span class='ocrx_word' id='word_1_73' title='bbox 995 1580 1201 1680; x_wconf 86' lang='lat' dir='ltr'><strong>ampliando</strong></span> <span class='ocrx_word' id='word_1_74' title='bbox 1222 1581 1276 1677; x_wconf 72' lang='grc' dir='ltr'><strong>(ὅ)</strong></span> 
     </span>
     <span class='ocr_line' id='line_1_11' title="bbox 215 1695 1277 1799; baseline -0.003 -30"><span class='ocrx_word' id='word_1_75' title='bbox 215 1699 391 1799; x_wconf 88' lang='lat' dir='ltr'><strong>simulque</strong></span> <span class='ocrx_word' id='word_1_76' title='bbox 418 1699 581 1772; x_wconf 87' lang='lat' dir='ltr'><strong>ornando</strong></span> <span class='ocrx_word' id='word_1_77' title='bbox 602 1724 714 1798; x_wconf 83' lang='lat' dir='ltr'><strong>regno</strong></span> <span class='ocrx_word' id='word_1_78' title='bbox 735 1697 842 1770; x_wconf 87' lang='lat' dir='ltr'><strong>fuisse</strong></span> <span class='ocrx_word' id='word_1_79' title='bbox 864 1714 1016 1770; x_wconf 88' lang='lat' dir='ltr'><strong>constat.</strong></span> <span class='ocrx_word' id='word_1_80' title='bbox 1041 1697 1150 1795; x_wconf 88' lang='lat' dir='ltr'><strong>Cujus</strong></span> <span class='ocrx_word' id='word_1_81' title='bbox 1166 1695 1277 1768; x_wconf 91' lang='lat' dir='ltr'><strong>animi</strong></span> 
     </span>
     <span class='ocr_line' id='line_1_12' title="bbox 214 1814 1277 1914; baseline -0.005 -27"><span class='ocrx_word' id='word_1_82' title='bbox 214 1814 335 1904; x_wconf 88' lang='lat' dir='ltr'><strong>dotes,</strong></span> <span class='ocrx_word' id='word_1_83' title='bbox 360 1833 397 1888; x_wconf 91' lang='lat' dir='ltr'><strong>et</strong></span> <span class='ocrx_word' id='word_1_84' title='bbox 425 1842 600 1888; x_wconf 90' lang='lat' dir='ltr'><strong>summam</strong></span> <span class='ocrx_word' id='word_1_85' title='bbox 626 1816 664 1887; x_wconf 95' lang='lat' dir='ltr'><strong>in</strong></span> <span class='ocrx_word' id='word_1_86' title='bbox 691 1815 960 1914; x_wconf 87' lang='lat' dir='ltr'><strong>qualicumque,</strong></span> <span class='ocrx_word' id='word_1_87' title='bbox 987 1830 1023 1888; x_wconf 92' lang='lat' dir='ltr'><strong>et</strong></span> <span class='ocrx_word' id='word_1_88' title='bbox 1043 1838 1218 1912; x_wconf 85' lang='lat' dir='ltr'><strong>prospero</strong></span> <span class='ocrx_word' id='word_1_89' title='bbox 1241 1826 1277 1886; x_wconf 90' lang='lat' dir='ltr'><strong>et</strong></span> 
     </span>
     <span class='ocr_line' id='line_1_13' title="bbox 214 1932 1278 2030; baseline 0.002 -26"><span class='ocrx_word' id='word_1_90' title='bbox 214 1932 380 2023; x_wconf 84' lang='lat' dir='ltr'><strong>adverso,</strong></span> <span class='ocrx_word' id='word_1_91' title='bbox 405 1949 539 2007; x_wconf 89' lang='lat' dir='ltr'><strong>eventu</strong></span> <span class='ocrx_word' id='word_1_92' title='bbox 556 1934 678 2005; x_wconf 87' lang='lat' dir='ltr'><strong>mirari</strong></span> <span class='ocrx_word' id='word_1_93' title='bbox 696 1934 800 2007; x_wconf 90' lang='lat' dir='ltr'><strong>liceat</strong></span> <span class='ocrx_word' id='word_1_94' title='bbox 818 1934 871 2030; x_wconf 72' lang='grc'><strong>(4)</strong></span> <span class='ocrx_word' id='word_1_95' title='bbox 890 1933 1140 2007; x_wconf 82' lang='lat' dir='ltr'><strong>constantiam.</strong></span> <span class='ocrx_word' id='word_1_96' title='bbox 1160 1933 1278 2006; x_wconf 82' lang='lat' dir='ltr'><strong>Caete-</strong></span> 
     </span>
     <span class='ocr_line' id='line_1_14' title="bbox 215 2048 1279 2148; baseline -0.001 -28"><span class='ocrx_word' id='word_1_97' title='bbox 215 2075 325 2148; x_wconf 88' lang='lat' dir='ltr'><strong>raque</strong></span> <span class='ocrx_word' id='word_1_98' title='bbox 354 2048 398 2121; x_wconf 87' lang='lat' dir='ltr'><strong>ad</strong></span> <span class='ocrx_word' id='word_1_99' title='bbox 420 2049 629 2123; x_wconf 87' lang='lat' dir='ltr'><strong>interiorem</strong></span> <span class='ocrx_word' id='word_1_100' title='bbox 651 2064 757 2148; x_wconf 68' lang='lat' dir='ltr'><strong>utaque</strong></span> <span class='ocrx_word' id='word_1_101' title='bbox 783 2050 1014 2123; x_wconf 84' lang='lat' dir='ltr'><strong>domesticam</strong></span> <span class='ocrx_word' id='word_1_102' title='bbox 1031 2050 1140 2121; x_wconf 85' lang='lat' dir='ltr'><strong>vitam</strong></span> <span class='ocrx_word' id='word_1_103' title='bbox 1164 2048 1279 2147; x_wconf 86' lang='lat' dir='ltr'><strong>perti-</strong></span> 
     </span>
     <span class='ocr_line' id='line_1_15' title="bbox 214 2163 994 2265; baseline 0.005 -31"><span class='ocrx_word' id='word_1_104' title='bbox 214 2165 336 2238; x_wconf 89' lang='lat' dir='ltr'><strong>nentia</strong></span> <span class='ocrx_word' id='word_1_105' title='bbox 352 2167 428 2262; x_wconf 89' lang='lat' dir='ltr'><strong>jam</strong></span> <span class='ocrx_word' id='word_1_106' title='bbox 446 2163 490 2236; x_wconf 91' lang='lat' dir='ltr'><strong>ab</strong></span> <span class='ocrx_word' id='word_1_107' title='bbox 508 2165 592 2236; x_wconf 90' lang='lat' dir='ltr'><strong>hine</strong></span> <span class='ocrx_word' id='word_1_108' title='bbox 608 2164 726 2239; x_wconf 85' lang='lat' dir='ltr'><strong>dicere</strong></span> <span class='ocrx_word' id='word_1_109' title='bbox 743 2166 907 2241; x_wconf 83' lang='lat' dir='ltr'><strong>exordiar</strong></span> <span class='ocrx_word' id='word_1_110' title='bbox 925 2167 994 2265; x_wconf 86' lang='lat'><strong>(5).</strong></span> 
     </span>
    </p>

    <p class='ocr_par' dir='ltr' id='par_1_4' title="bbox 218 2282 1281 2615">
     <span class='ocr_line' id='line_1_16' title="bbox 263 2282 1277 2382; baseline -0.002 -28"><span class='ocrx_word' id='word_1_111' title='bbox 263 2286 347 2356; x_wconf 88' lang='lat' dir='ltr'><strong>Post</strong></span> <span class='ocrx_word' id='word_1_112' title='bbox 368 2299 525 2356; x_wconf 88' lang='lat' dir='ltr'><strong>mortem</strong></span> <span class='ocrx_word' id='word_1_113' title='bbox 553 2283 664 2382; x_wconf 84' lang='lat' dir='ltr'><strong>patris</strong></span> <span class='ocrx_word' id='word_1_114' title='bbox 689 2310 770 2354; x_wconf 92' lang='lat' dir='ltr'><strong>cum</strong></span> <span class='ocrx_word' id='word_1_115' title='bbox 797 2282 907 2356; x_wconf 86' lang='lat' dir='ltr'><strong>fratre</strong></span> <span class='ocrx_word' id='word_1_116' title='bbox 935 2309 1086 2382; x_wconf 85' lang='lat' dir='ltr'><strong>regnum</strong></span> <span class='ocrx_word' id='word_1_117' title='bbox 1104 2283 1277 2380; x_wconf 83' lang='lat' dir='ltr'><strong>partitus,</strong></span> 
     </span>
     <span class='ocr_line' id='line_1_17' title="bbox 219 2397 1281 2497; baseline 0 -30"><span class='ocrx_word' id='word_1_118' title='bbox 219 2413 315 2469; x_wconf 85' lang='lat' dir='ltr'><strong>tanta</strong></span> <span class='ocrx_word' id='word_1_119' title='bbox 330 2399 499 2497; x_wconf 87' lang='lat' dir='ltr'><strong>patientia</strong></span> <span class='ocrx_word' id='word_1_120' title='bbox 513 2399 568 2497; x_wconf 84' lang='lat'><strong>(6)</strong></span> <span class='ocrx_word' id='word_1_121' title='bbox 586 2398 781 2471; x_wconf 84' lang='lat' dir='ltr'><strong>simultates</strong></span> <span class='ocrx_word' id='word_1_122' title='bbox 798 2414 833 2471; x_wconf 90' lang='lat' dir='ltr'><strong>et</strong></span> <span class='ocrx_word' id='word_1_123' title='bbox 851 2398 1020 2471; x_wconf 87' lang='lat' dir='ltr'><strong>invidiam</strong></span> <span class='ocrx_word' id='word_1_124' title='bbox 1033 2401 1107 2496; x_wconf 90' lang='lat' dir='ltr'><strong>ejus</strong></span> <span class='ocrx_word' id='word_1_125' title='bbox 1119 2397 1224 2487; x_wconf 90' lang='lat' dir='ltr'><strong>tulit,</strong></span> <span class='ocrx_word' id='word_1_126' title='bbox 1239 2412 1281 2468; x_wconf 91' lang='lat' dir='ltr'><strong>ut</strong></span> 
     </span>
     <span class='ocr_line' id='line_1_18' title="bbox 218 2513 1281 2615; baseline -0.002 -29"><span class='ocrx_word' id='word_1_127' title='bbox 218 2515 386 2588; x_wconf 88' lang='lat' dir='ltr'><strong>omnibus</strong></span> <span class='ocrx_word' id='word_1_128' title='bbox 415 2517 548 2588; x_wconf 89' lang='lat' dir='ltr'><strong>mirum</strong></span> <span class='ocrx_word' id='word_1_129' title='bbox 577 2517 771 2604; x_wconf 82' lang='lat' dir='ltr'><strong>videretur,</strong></span> <span class='ocrx_word' id='word_1_130' title='bbox 801 2515 900 2615; x_wconf 88' lang='lat' dir='ltr'><strong>quod</strong></span> <span class='ocrx_word' id='word_1_131' title='bbox 921 2543 967 2589; x_wconf 92' lang='lat' dir='ltr'><strong>ne</strong></span> <span class='ocrx_word' id='word_1_132' title='bbox 994 2513 1037 2586; x_wconf 90' lang='lat' dir='ltr'><strong>ad</strong></span> <span class='ocrx_word' id='word_1_133' title='bbox 1062 2513 1281 2603; x_wconf 73' lang='lat' dir='ltr'><strong>iracundiam</strong></span> 
     </span>
    </p>
   </div>
   <div class='ocr_carea' id='block_1_4' title="bbox 219 2630 1282 3081">
    <p class='ocr_par' dir='ltr' id='par_1_5' title="bbox 219 2630 1282 3081">
     <span class='ocr_line' id='line_1_19' title="bbox 220 2630 1281 2734; baseline -0.004 -30"><span class='ocrx_word' id='word_1_134' title='bbox 220 2633 365 2731; x_wconf 88' lang='lat' dir='ltr'><strong>quidem</strong></span> <span class='ocrx_word' id='word_1_135' title='bbox 378 2634 423 2706; x_wconf 86' lang='lat' dir='ltr'><strong>ab</strong></span> <span class='ocrx_word' id='word_1_136' title='bbox 440 2660 484 2707; x_wconf 88' lang='lat' dir='ltr'><strong>eo</strong></span> <span class='ocrx_word' id='word_1_137' title='bbox 496 2636 683 2732; x_wconf 86' lang='lat' dir='ltr'><strong>provocari</strong></span> <span class='ocrx_word' id='word_1_138' title='bbox 700 2635 886 2734; x_wconf 88' lang='lat' dir='ltr'><strong>potuisset.</strong></span> <span class='ocrx_word' id='word_1_139' title='bbox 903 2632 1038 2706; x_wconf 89' lang='lat' dir='ltr'><strong>Deinde</strong></span> <span class='ocrx_word' id='word_1_140' title='bbox 1055 2657 1138 2704; x_wconf 89' lang='lat' dir='ltr'><strong>cum</strong></span> <span class='ocrx_word' id='word_1_141' title='bbox 1156 2630 1281 2703; x_wconf 84' lang='lat' dir='ltr'><strong>matris</strong></span> 
     </span>
     <span class='ocr_line' id='line_1_20' title="bbox 220 2745 1281 2851; baseline -0.003 -31"><span class='ocrx_word' id='word_1_142' title='bbox 220 2749 364 2822; x_wconf 85' lang='lat' dir='ltr'><strong>hortatu</strong></span> <span class='ocrx_word' id='word_1_143' title='bbox 382 2751 489 2822; x_wconf 80' lang='lat' dir='ltr'><strong>filiam</strong></span> <span class='ocrx_word' id='word_1_144' title='bbox 504 2752 673 2824; x_wconf 87' lang='lat' dir='ltr'><strong>Desiderii</strong></span> <span class='ocrx_word' id='word_1_145' title='bbox 685 2807 695 2839; x_wconf 87' lang='lat'>‚</span> <span class='ocrx_word' id='word_1_146' title='bbox 709 2752 800 2851; x_wconf 83' lang='lat' dir='ltr'><strong>regis</strong></span> <span class='ocrx_word' id='word_1_147' title='bbox 816 2748 1146 2850; x_wconf 84' lang='lat' dir='ltr'><strong>Langobardorum,</strong></span> <span class='ocrx_word' id='word_1_148' title='bbox 1161 2745 1281 2818; x_wconf 83' lang='lat' dir='ltr'><strong>duxis-</strong></span> 
     </span>
     <span class='ocr_line' id='line_1_21' title="bbox 219 2866 1282 2967; baseline -0.005 -30"><span class='ocrx_word' id='word_1_149' title='bbox 219 2880 273 2939; x_wconf 87' lang='lat' dir='ltr'><strong>set</strong></span> <span class='ocrx_word' id='word_1_150' title='bbox 290 2891 460 2956; x_wconf 83' lang='lat' dir='ltr'><strong>uxorem,</strong></span> <span class='ocrx_word' id='word_1_151' title='bbox 478 2867 656 2940; x_wconf 88' lang='lat' dir='ltr'><strong>incertum</strong></span> <span class='ocrx_word' id='word_1_152' title='bbox 669 2893 739 2967; x_wconf 90' lang='lat' dir='ltr'><strong>qua</strong></span> <span class='ocrx_word' id='word_1_153' title='bbox 756 2866 799 2940; x_wconf 93' lang='lat' dir='ltr'><strong>de</strong></span> <span class='ocrx_word' id='word_1_154' title='bbox 818 2894 918 2938; x_wconf 88' lang='lat' dir='ltr'><strong>causa</strong></span> <span class='ocrx_word' id='word_1_155' title='bbox 927 2919 938 2954; x_wconf 92' lang='lat'><em>,</em></span> <span class='ocrx_word' id='word_1_156' title='bbox 958 2880 1039 2964; x_wconf 89' lang='lat' dir='ltr'><strong>post</strong></span> <span class='ocrx_word' id='word_1_157' title='bbox 1054 2890 1190 2935; x_wconf 91' lang='lat' dir='ltr'><strong>aunum</strong></span> <span class='ocrx_word' id='word_1_158' title='bbox 1204 2888 1282 2934; x_wconf 87' lang='lat' dir='ltr'><strong>eam</strong></span> 
     </span>
     <span class='ocr_line' id='line_1_22' title="bbox 219 2978 1280 3081; baseline 0 -31"><span class='ocrx_word' id='word_1_159' title='bbox 219 2981 438 3079; x_wconf 84' lang='lat' dir='ltr'><strong>repudiavit,</strong></span> <span class='ocrx_word' id='word_1_160' title='bbox 455 2997 491 3053; x_wconf 91' lang='lat' dir='ltr'><strong>et</strong></span> <span class='ocrx_word' id='word_1_161' title='bbox 502 2981 748 3080; x_wconf 75' lang='lat' dir='ltr'><strong>Hildegardem</strong></span> <span class='ocrx_word' id='word_1_162' title='bbox 762 2984 817 3080; x_wconf 85' lang='lat'><strong>(7)</strong></span> <span class='ocrx_word' id='word_1_163' title='bbox 832 2981 875 3054; x_wconf 88' lang='lat' dir='ltr'><strong>de</strong></span> <span class='ocrx_word' id='word_1_164' title='bbox 888 2997 993 3081; x_wconf 84' lang='lat' dir='ltr'><strong>gente</strong></span> <span class='ocrx_word' id='word_1_165' title='bbox 1004 2982 1203 3052; x_wconf 87' lang='lat' dir='ltr'><strong>Suavorum</strong></span> <span class='ocrx_word' id='word_1_166' title='bbox 1210 2978 1280 3074; x_wconf 89' lang='lat'>(8),</span> 
     </span>
    </p>
   </div>
   <div class='ocr_carea' id='block_1_5' title="bbox 220 3288 1285 4162">
    <p class='ocr_par' dir='ltr' id='par_1_6' title="bbox 255 3288 730 3357">
     <span class='ocr_line' id='line_1_23' title="bbox 255 3288 730 3357; baseline -0.004 -16"><span class='ocrx_word' id='word_1_167' title='bbox 255 3290 294 3357; x_wconf 84' lang='lat' dir='ltr'><strong>(r)</strong></span> <span class='ocrx_word' id='word_1_168' title='bbox 312 3288 435 3343; x_wconf 86' lang='lat' dir='ltr'><strong>Nuenar.</strong></span> <span class='ocrx_word' id='word_1_169' title='bbox 449 3306 540 3343; x_wconf 84' lang='lat' dir='ltr'><strong>comes</strong></span> <span class='ocrx_word' id='word_1_170' title='bbox 553 3308 558 3336; x_wconf 78' lang='grc' dir='ltr'>ι</span> <span class='ocrx_word' id='word_1_171' title='bbox 572 3288 730 3343; x_wconf 81' lang='lat' dir='ltr'><strong>Hetruriae.</strong></span> 
     </span>
    </p>

    <p class='ocr_par' dir='ltr' id='par_1_7' title="bbox 254 3377 633 3452">
     <span class='ocr_line' id='line_1_24' title="bbox 254 3377 633 3452; baseline 0.008 -23"><span class='ocrx_word' id='word_1_172' title='bbox 254 3379 293 3447; x_wconf 81' lang='lat' dir='ltr'><strong>(a)</strong></span> <span class='ocrx_word' id='word_1_173' title='bbox 311 3377 355 3432; x_wconf 86' lang='lat' dir='ltr'><strong>Cl.</strong></span> <span class='ocrx_word' id='word_1_174' title='bbox 370 3378 447 3433; x_wconf 87' lang='lat' dir='ltr'><strong>Suet.</strong></span> <span class='ocrx_word' id='word_1_175' title='bbox 461 3380 535 3452; x_wconf 77' lang='lat' dir='ltr'><strong>Aug.</strong></span> <span class='ocrx_word' id='word_1_176' title='bbox 550 3399 575 3434; x_wconf 90' lang='lat' dir='ltr'><strong>c.</strong></span> <span class='ocrx_word' id='word_1_177' title='bbox 588 3377 633 3434; x_wconf 91' lang='lat'><strong>61.</strong></span> 
     </span>
    </p>

    <p class='ocr_par' dir='ltr' id='par_1_8' title="bbox 254 3463 852 3542">
     <span class='ocr_line' id='line_1_25' title="bbox 254 3463 852 3542; baseline 0 -22"><span class='ocrx_word' id='word_1_178' title='bbox 254 3463 293 3535; x_wconf 79' lang='lat'><strong>(3)</strong></span> <span class='ocrx_word' id='word_1_179' title='bbox 314 3466 384 3521; x_wconf 79' lang='lat' dir='ltr'><strong>eod,</strong></span> <span class='ocrx_word' id='word_1_180' title='bbox 400 3468 561 3524; x_wconf 90' lang='lat' dir='ltr'><strong>Vindobon.</strong></span> <span class='ocrx_word' id='word_1_181' title='bbox 580 3469 610 3523; x_wconf 83' lang='lat'><strong>16</strong></span> <span class='ocrx_word' id='word_1_182' title='bbox 625 3494 630 3522; x_wconf 75' lang='grc' dir='ltr'><strong>ε</strong></span> <span class='ocrx_word' id='word_1_183' title='bbox 646 3468 852 3542; x_wconf 72' lang='lat' dir='ltr'><strong>amplfieando.</strong></span> 
     </span>
    </p>

    <p class='ocr_par' dir='ltr' id='par_1_9' title="bbox 220 3551 1285 3807">
     <span class='ocr_line' id='line_1_26' title="bbox 255 3551 1284 3630; baseline -0.007 -21"><span class='ocrx_word' id='word_1_184' title='bbox 255 3556 294 3623; x_wconf 73' lang='lat' dir='ltr'><strong>(l)</strong></span> <span class='ocrx_word' id='word_1_185' title='bbox 312 3557 415 3610; x_wconf 82' lang='lat' dir='ltr'><strong>Mirari</strong></span> <span class='ocrx_word' id='word_1_186' title='bbox 426 3558 522 3625; x_wconf 83' lang='lat' dir='ltr'><strong>liceat,</strong></span> <span class='ocrx_word' id='word_1_187' title='bbox 538 3558 567 3611; x_wconf 89' lang='lat' dir='ltr'><strong>in</strong></span> <span class='ocrx_word' id='word_1_188' title='bbox 578 3556 639 3612; x_wconf 85' lang='lat' dir='ltr'><strong>cod.</strong></span> <span class='ocrx_word' id='word_1_189' title='bbox 651 3557 811 3614; x_wconf 85' lang='lat' dir='ltr'><strong>Vindobon.</strong></span> <span class='ocrx_word' id='word_1_190' title='bbox 822 3554 884 3630; x_wconf 74' lang='lat'><strong>667,</strong></span> <span class='ocrx_word' id='word_1_191' title='bbox 898 3554 994 3610; x_wconf 86' lang='lat' dir='ltr'><strong>eadem</strong></span> <span class='ocrx_word' id='word_1_192' title='bbox 1004 3570 1087 3608; x_wconf 86' lang='lat' dir='ltr'><strong>mauu</strong></span> <span class='ocrx_word' id='word_1_193' title='bbox 1099 3551 1178 3606; x_wconf 72' lang='lat' dir='ltr'><strong>lineat</strong></span> <span class='ocrx_word' id='word_1_194' title='bbox 1187 3566 1284 3623; x_wconf 85' lang='lat' dir='ltr'><strong>super-</strong></span> 
     </span>
     <span class='ocr_line' id='line_1_27' title="bbox 220 3638 1285 3719; baseline -0.004 -24"><span class='ocrx_word' id='word_1_195' title='bbox 220 3644 382 3715; x_wconf 82' lang='lat' dir='ltr'><strong>impositum</strong></span> <span class='ocrx_word' id='word_1_196' title='bbox 403 3645 523 3719; x_wconf 76' lang='lat' dir='ltr'><strong>legitur3</strong></span> <span class='ocrx_word' id='word_1_197' title='bbox 541 3646 618 3701; x_wconf 87' lang='lat' dir='ltr'><strong>adest</strong></span> <span class='ocrx_word' id='word_1_198' title='bbox 638 3656 766 3718; x_wconf 77' lang='lat' dir='ltr'><strong>praterea</strong></span> <span class='ocrx_word' id='word_1_199' title='bbox 784 3648 815 3700; x_wconf 91' lang='lat' dir='ltr'><strong>in</strong></span> <span class='ocrx_word' id='word_1_200' title='bbox 832 3655 935 3718; x_wconf 83' lang='lat' dir='ltr'><strong>septem</strong></span> <span class='ocrx_word' id='word_1_201' title='bbox 952 3641 1049 3709; x_wconf 87' lang='lat' dir='ltr'><strong>codd.;</strong></span> <span class='ocrx_word' id='word_1_202' title='bbox 1068 3639 1243 3696; x_wconf 82' lang='lat' dir='ltr'><strong>desideratur</strong></span> <span class='ocrx_word' id='word_1_203' title='bbox 1256 3638 1285 3692; x_wconf 89' lang='lat' dir='ltr'><strong>in</strong></span> 
     </span>
     <span class='ocr_line' id='line_1_28' title="bbox 223 3733 347 3807; baseline 0.016 -22"><span class='ocrx_word' id='word_1_204' title='bbox 223 3733 347 3807; x_wconf 85' lang='lat' dir='ltr'><strong>reliquis.</strong></span> 
     </span>
    </p>

    <p class='ocr_par' dir='ltr' id='par_1_10' title="bbox 257 3815 1252 3894">
     <span class='ocr_line' id='line_1_29' title="bbox 257 3815 1252 3894; baseline -0.004 -21"><span class='ocrx_word' id='word_1_205' title='bbox 257 3818 295 3890; x_wconf 88' lang='lat'><strong>(5)</strong></span> <span class='ocrx_word' id='word_1_206' title='bbox 313 3820 383 3876; x_wconf 89' lang='lat' dir='ltr'><strong>Cod.</strong></span> <span class='ocrx_word' id='word_1_207' title='bbox 400 3821 560 3877; x_wconf 90' lang='lat' dir='ltr'><strong>Vindobou.</strong></span> <span class='ocrx_word' id='word_1_208' title='bbox 578 3821 642 3876; x_wconf 77' lang='lat'><strong>1068</strong></span> <span class='ocrx_word' id='word_1_209' title='bbox 659 3847 664 3873; x_wconf 91' lang='lat'>:</span> <span class='ocrx_word' id='word_1_210' title='bbox 685 3823 770 3878; x_wconf 80' lang='lat' dir='ltr'><strong>Liber</strong></span> <span class='ocrx_word' id='word_1_211' title='bbox 781 3825 887 3893; x_wconf 84' lang='lat' dir='ltr'><strong>primus</strong></span> <span class='ocrx_word' id='word_1_212' title='bbox 889 3822 969 3894; x_wconf 83' lang='lat' dir='ltr'><strong>finit.</strong></span> <span class='ocrx_word' id='word_1_213' title='bbox 984 3818 1088 3890; x_wconf 82' lang='lat' dir='ltr'><strong>Incipit</strong></span> <span class='ocrx_word' id='word_1_214' title='bbox 1101 3815 1252 3873; x_wconf 77' lang='lat' dir='ltr'><strong>secundas.</strong></span> 
     </span>
    </p>

    <p class='ocr_par' dir='ltr' id='par_1_11' title="bbox 223 3904 1283 4074">
     <span class='ocr_line' id='line_1_30' title="bbox 257 3904 1283 3984; baseline -0.005 -22"><span class='ocrx_word' id='word_1_215' title='bbox 257 3908 297 3978; x_wconf 83' lang='lat'><strong>(6)</strong></span> <span class='ocrx_word' id='word_1_216' title='bbox 315 3909 404 3964; x_wconf 89' lang='lat' dir='ltr'><strong>Codd.</strong></span> <span class='ocrx_word' id='word_1_217' title='bbox 420 3909 582 3965; x_wconf 85' lang='lat' dir='ltr'><strong>Vindobou.</strong></span> <span class='ocrx_word' id='word_1_218' title='bbox 595 3909 663 3984; x_wconf 75' lang='lat'><strong>6673</strong></span> <span class='ocrx_word' id='word_1_219' title='bbox 676 3910 810 3967; x_wconf 83' lang='lat' dir='ltr'><strong>Christin.</strong></span> <span class='ocrx_word' id='word_1_220' title='bbox 823 3910 922 3983; x_wconf 79' lang='lat' dir='ltr'><strong>Regin.</strong></span> <span class='ocrx_word' id='word_1_221' title='bbox 937 3904 989 3982; x_wconf 82' lang='lat'><strong>637</strong></span> <span class='ocrx_word' id='word_1_222' title='bbox 1003 3918 1031 3962; x_wconf 88' lang='lat' dir='ltr'><strong>ct</strong></span> <span class='ocrx_word' id='word_1_223' title='bbox 1043 3906 1095 3980; x_wconf 81' lang='lat'><strong>692</strong></span> <span class='ocrx_word' id='word_1_224' title='bbox 1115 3930 1120 3959; x_wconf 94' lang='lat'>:</span> <span class='ocrx_word' id='word_1_225' title='bbox 1137 3906 1283 3975; x_wconf 82' lang='lat' dir='ltr'><strong>sapientia.</strong></span> 
     </span>
     <span class='ocr_line' id='line_1_31' title="bbox 269 4000 665 4074; baseline 0 -20"><span class='ocrx_word' id='word_1_226' title='bbox 269 4000 380 4074; x_wconf 80' lang='lat' dir='ltr'><strong>Reliqui</strong></span> <span class='ocrx_word' id='word_1_227' title='bbox 394 4018 489 4054; x_wconf 88' lang='lat' dir='ltr'><strong>omues</strong></span> <span class='ocrx_word' id='word_1_228' title='bbox 504 4024 509 4052; x_wconf 95' lang='lat'><strong>:</strong></span> <span class='ocrx_word' id='word_1_229' title='bbox 523 4004 665 4071; x_wconf 71' lang='lat' dir='ltr'><strong>patientie.</strong></span> 
     </span>
    </p>

    <p class='ocr_par' dir='ltr' id='par_1_12' title="bbox 258 4083 1260 4162">
     <span class='ocr_line' id='line_1_32' title="bbox 258 4083 1260 4162; baseline -0.007 -19"><span class='ocrx_word' id='word_1_230' title='bbox 258 4092 297 4162; x_wconf 79' lang='lat'><strong>(7)</strong></span> <span class='ocrx_word' id='word_1_231' title='bbox 316 4090 369 4143; x_wconf 91' lang='lat' dir='ltr'><strong>llll.</strong></span> <span class='ocrx_word' id='word_1_232' title='bbox 385 4089 592 4161; x_wconf 78' lang='lat' dir='ltr'><strong>llildr&#39;gordem.</strong></span> <span class='ocrx_word' id='word_1_233' title='bbox 608 4090 818 4162; x_wconf 75' lang='lat' dir='ltr'><strong>Hildigardam‚</strong></span> <span class='ocrx_word' id='word_1_234' title='bbox 834 4087 1036 4161; x_wconf 58' lang='lat' dir='ltr'><strong>liudgardam</strong></span> <span class='ocrx_word' id='word_1_235' title='bbox 1053 4083 1260 4156; x_wconf 72' lang='lat' dir='ltr'><strong>Hildegardim.</strong></span> 
     </span>
    </p>
   </div>
   <div class='ocr_carea' id='block_1_6' title="bbox 260 4176 736 4245">
    <p class='ocr_par' dir='ltr' id='par_1_13' title="bbox 260 4176 736 4245">
     <span class='ocr_line' id='line_1_33' title="bbox 260 4176 736 4245; baseline -0.008 -10"><span class='ocrx_word' id='word_1_236' title='bbox 260 4176 299 4243; x_wconf 79' lang='lat' dir='ltr'><strong>(tt)</strong></span> <span class='ocrx_word' id='word_1_237' title='bbox 319 4177 372 4231; x_wconf 76' lang='lat' dir='ltr'><strong>All.</strong></span> <span class='ocrx_word' id='word_1_238' title='bbox 389 4179 560 4245; x_wconf 58' lang='lat' dir='ltr'><strong>«illaborata,</strong></span> <span class='ocrx_word' id='word_1_239' title='bbox 578 4179 736 4232; x_wconf 68' lang='lat' dir='ltr'><strong>Succorum.</strong></span> 
     </span>
    </p>
   </div>
   <div class='ocr_carea' id='block_1_7' title="bbox 0 0 1509 5272">
    <p class='ocr_par' dir='ltr' id='par_1_14' title="bbox 0 0 1509 5272">
     <span class='ocr_line' id='line_1_34' title="bbox 0 0 1509 5272; baseline 0 0"><span class='ocrx_word' id='word_1_240' title='bbox 0 0 1509 5272; x_wconf 95' lang='lat' dir='ltr'><strong> </strong></span> 
     </span>
    </p>
   </div>
  </div>
 </body>
</html>
