3000 5272
227 401 286 462 368
618 397 901 460 HLUDOWICUS.

226 546 304 601 tum
322 554 442 628 regem
462 526 702 628 Bulgarorum
719 528 864 602 direxit.
887 530 1028 605 Interea
1047 529 1166 607 biems
1180 560 1297 635 aspera

224 645 397 746 valdeque
408 645 548 744 prolixa
561 659 615 718 est
627 642 742 734 faeta,
758 671 841 746 quae
858 670 933 720 non
949 646 1066 721 solum
1083 665 1216 725 coetera
1232 654 1300 725 ani·

223 763 477 853 malia,verum
485 762 593 835 etiam
603 761 767 836 homines
775 762 950 863 quosdam
959 764 1187 842 immanitate
1196 767 1298 869 frigo

222 880 451 954 risextinxit.
466 880 566 951 Luna
575 878 707 953 defecit
718 904 759 952 111
774 906 887 953 nonas
896 896 1003 954 mart.
1019 882 1108 957 bora
1119 886 1296 962 noctisue·

224 994 353 1070 cunda.
368 996 493 1094 Suppo
506 995 580 1066 dux
592 995 791 1093 Spolitinus
803 996 989 1072 decessisse
1002 1001 1212 1075 nuntiatur.

272 1112 392 1211 Legati
402 1111 555 1183 Romani
564 1110 1294 1215 pontificisllomamregressi‚eundemva·

222 1231 292 1302 lida
303 1228 512 1301 infirmitate
522 1228 710 1302 detentum
723 1254 763 1301 ac
774 1230 884 1302 morti
891 1233 966 1329 jam
979 1234 1192 1330 proximum
1202 1236 1294 1310 inve

222 1361 370 1432 nerunt,
386 1347 448 1446 qui
465 1345 573 1418 etiam
585 1345 707 1444 paucis
720 1360 803 1445 post
814 1346 1008 1420 adventum
1020 1375 1152 1424 eorum
1164 1354 1293 1425 exactis

220 1463 345 1538 diebus
362 1464 433 1535 vita
450 1462 611 1536 decessit.
631 1465 670 1535 ln
689 1467 789 1562 cujus
804 1464 927 1537 locum
943 1490 1028 1537 cum
1040 1465 1116 1540 duo
1132 1494 1201 1568 per
1213 1494 1294 1545 cou-

220 1583 422 1656 tentionem
435 1581 561 1680 populi
580 1579 732 1654 fuissent
744 1580 868 1668 electi,
887 1584 1072 1682 Eugenius
1089 1598 1214 1659 tamen
1227 1588 1290 1685 (r),·

218 1697 509 1798 archipresbyter
527 1696 623 1770 tituli
645 1698 786 1771 Sanctae
809 1696 970 1787 Sabinae,
994 1701 1164 1776 vincente
1185 1701 1293 1779 nobi-

218 1815 309 1887 lium
326 1830 448 1914 parte,
468 1811 680 1912 subrogatus
697 1828 804 1913 atque
821 1814 1008 1887 ordinatus
1024 1831 1090 1888 est.
1111 1815 1227 1917 Cujus
1241 1820 1289 1894 rei

218 1931 390 2004 nuntium
410 1956 492 2002 cum
511 1929 686 2023 Quirinus
706 1927 964 2018 subdiaconus,
986 1957 1078 2003 unus
1094 1958 1141 2005 ex
1158 1930 1216 2006 bia
1230 1936 1289 2035 qui

217 2047 331 2146 priori
355 2045 534 2145 legatione
558 2043 817 2143 fungebantur,
844 2044 888 2116 ad
912 2047 1170 2146 imperatorem
1192 2046 1289 2124 detu-

215 2164 335 2253 lisset,
363 2178 547 2236 conventu
572 2162 717 2234 circiter
737 2186 804 2234 v111
828 2160 992 2236 kalendas
1011 2163 1094 2262 julii
1119 2190 1288 2264 pronun·

216 2283 325 2370 tiato,
345 2296 452 2381 atque
475 2278 687 2378 Compendii
712 2276 856 2368 habito,
881 2281 956 2380 ipse
978 2278 1022 2353 ad
1044 2282 1289 2359 Britannicam

216 2398 486 2498 expeditionem
509 2422 631 2496 perse
653 2396 853 2469 faciendam
874 2398 997 2470 animo
1019 2398 1185 2490 intento,
1205 2401 1289 2475 lllo-

218 2513 376 2587 tharium
394 2514 512 2587 filium
522 2568 533 2601 ‚
558 2514 699 2612 imperii
717 2514 872 2603 socium,
892 2515 1047 2587 Romam
1065 2517 1217 2593 mittere
1229 2517 1288 2593 de-

216 2635 348 2721 crevit,
368 2648 411 2704 ut
427 2632 504 2705 vice
522 2658 583 2703 sua
603 2631 771 2719 functus,
793 2657 832 2705 ea
851 2658 934 2732 quae
953 2658 1077 2706 rerum
1100 2636 1287 2710 necessitas

215 2752 375 2850 flagitare
385 2747 586 2838 ridebatur,
601 2775 684 2821 cum
697 2775 794 2823 novo
808 2748 981 2849 pontifice
992 2750 1208 2854 populoque
1216 2754 1284 2828 llo·

215 2896 324 2942 mano
338 2882 510 2940 statueret
530 2883 637 2966 atque
654 2866 825 2940 firmaret.
842 2870 891 2940 Et
906 2867 966 2942 ille
983 2867 1136 2969 quidem
1148 2868 1196 2944 ad
1210 2871 1284 2946 baec

213 2984 437 3086 exsequenda
453 3000 535 3083 post
550 2983 710 3058 medium
725 3001 916 3085 augustum
932 2985 971 3058 in
985 2986 1125 3061 ltaliam
1137 2988 1284 3089 prolec-

214 3119 271 3174 tus
285 3118 350 3175 est.
367 3103 569 3200 Imperator
581 3127 668 3174 vero
681 3103 750 3175 iter
761 3102 858 3202 quod
872 3102 909 3174 in
923 3103 1152 3178 Britanniam
1168 3106 1284 3182 faeere

214 3236 399 3321 paraverat
424 3220 491 3315 (2),
519 3234 670 3319 propter
693 3220 826 3294 famem
850 3246 933 3321 quae
954 3218 1071 3295 adbuc
1092 3225 1284 3324 praevalida

213 3356 309 3427 erat,
330 3364 442 3438 usque
459 3336 503 3409 ad
522 3339 667 3411 initium
682 3340 845 3411 autmnni
863 3338 1006 3441 aggredi
1022 3339 1193 3416 distulit:
1210 3358 1285 3418 tum

211 3458 380 3544 demum,
402 3456 565 3529 adunatis
588 3454 746 3558 undique
769 3455 938 3530 omnibus
962 3458 1096 3557 copiis,
1116 3460 1283 3537 Redones

210 3578 392 3648 civitatem
406 3574 569 3646 terminis
579 3573 778 3646 Britanniae
791 3574 998 3675 contiguam
1010 3576 1114 3649 venit
1122 3630 1134 3665 ,
1150 3592 1191 3653 et
1203 3576 1282 3655 iude

209 3696 324 3769 diviso
338 3694 376 3766 in
390 3710 462 3765 tres
475 3707 593 3791 partes
607 3692 766 3766 exercitu
774 3744 786 3780 ‚
799 3689 1008 3792 duabusque
1019 3690 1189 3793 partibus
1201 3694 1280 3771 filiis

210 3816 281 3886 suis
303 3812 458 3911 Pippiuo
478 3826 515 3883 et
535 3809 750 3887 llludowieo
773 3807 933 3896 traditis,
953 3810 1135 3913 tertiaque
1158 3838 1276 3889 secum

244 4107 282 4175 (a)
301 4104 391 4159 Nuen.
408 4121 479 4157 com.
490 4113 518 4156 et
533 4102 566 4157 D.
582 4103 668 4176 Bouq.
682 4112 739 4156 tum
752 4101 987 4174 arclaipmbyter.

242 4197 280 4261 (a)
300 4193 353 4248 lid.
368 4195 535 4246 instituerat.
