3000 5272
393 422 455 482 370
781 413 1064 474 HLUDOWICUS.

392 564 546 637 retenta,
566 546 791 620 Britanniam
808 546 999 646 ingressus,
1016 559 1130 618 totam
1145 542 1247 620 ferro
1260 548 1462 651 etignede·

393 667 564 754 vastavit3
586 663 881 762 consumptisque
897 663 936 734 in
954 659 1020 733 bac
1037 661 1269 761 expeditione
1286 688 1336 739 tx
1352 666 1409 741 rel
1422 693 1461 743 en

391 783 546 884 amplius
560 779 706 868 diebus,
727 779 881 878 acceptis
898 803 991 879 quos
1009 778 1150 877 perfido
1165 781 1387 857 Brittnnum
1400 810 1460 885 po·

391 899 480 1000 pulo
503 899 739 997 imperaverat
757 891 965 982 obsidibus,
991 895 1235 997 Rotomagum
1259 898 1457 987 civitatem,

391 1016 454 1090 ubi
467 1017 659 1115 conjugem
672 1039 709 1086 se
722 1011 880 1112 opperiri
891 1014 1057 1110 jusserat,
1072 1040 1105 1085 a.
1114 1010 1152 1085 d.
1165 1038 1215 1088 xv
1226 1016 1289 1115 (1)
1300 1012 1459 1093 kalend:

391 1130 553 1209 decemb.
566 1158 728 1205 reversus
742 1145 807 1203 est.
817 1129 910 1202 Nam
920 1129 1051 1202 etilluc
1060 1129 1195 1231 legatos
1201 1130 1394 1209 Michaelis
1402 1134 1458 1207 im·

391 1250 587 1352 peratoris,
603 1248 665 1349 qui
682 1246 823 1320 adeum
836 1245 1076 1319 mittebantur
1089 1248 1164 1345 (a),
1183 1246 1254 1321 sibi
1274 1274 1457 1325 oneum

385 1367 510 1468 jussit,
526 1391 611 1437 cnm
623 1361 755 1463 quibus
769 1378 806 1435 et
816 1363 1038 1437 Fortunatus
1053 1362 1256 1462 patriarcba
1267 1367 1457 1444 Venetinn·

390 1508 474 1555 rum
488 1481 545 1580 (ὅ)
558 1503 737 1579 regressus
749 1477 793 1551 ad
807 1482 881 1578 ejus
895 1479 1125 1579 pret-sentiam
1138 1480 1256 1555 venit.
1272 1481 1347 1557 Sed
1364 1482 1455 1585 legati

390 1597 617 1698 imperatoris
635 1595 773 1669 litteras
789 1611 826 1669 et
843 1622 992 1669 munera
1009 1594 1232 1685 deferentes,
1254 1598 1357 1698 pacis
1375 1626 1455 1673 enn-

389 1715 578 1789 firmandae
589 1740 692 1786 causa
706 1740 743 1786 se
757 1713 883 1787 missos
896 1739 969 1786 esse
982 1711 1161 1801 dieentes,
1176 1740 1249 1814 pro
1262 1716 1455 1791 Forum

388 1832 482 1907 nibil
507 1832 620 1906 locuti
643 1848 750 1919 sunt3
777 1832 873 1903 inter
889 1846 1018 1904 caetera
1035 1844 1156 1904 tamen
1178 1831 1225 1905 ad
1246 1831 1455 1934 legationen

389 1977 489 2024 suam
514 1949 732 2048 pertinentia
757 1946 923 2049 quaedam
944 1945 988 2020 de
1013 1947 1209 2048 imaginum
1231 1954 1454 2029 veneratione

389 2063 643 2167 protulerunt,
661 2078 813 2163 propter
827 2088 909 2163 quae
926 2089 963 2135 se
981 2063 1132 2137 Romam
1145 2064 1218 2155 ire,
1239 2080 1355 2169 atque
1369 2094 1454 2169 epse

389 2183 510 2259 tolicae
520 2181 611 2255 sedis
619 2179 812 2279 praesulem
822 2178 1012 2253 consulere
1022 2176 1152 2254 debere
1161 2180 1357 2259 dixerunt.
1369 2184 1453 2279 Qun

390 2327 497 2390 cum,
526 2299 703 2400 legatione
726 2323 856 2372 eorum
885 2294 1005 2369 audita
1030 2322 1071 2368 ac
1094 2322 1274 2397 responso
1299 2300 1452 2389 reddite,

389 2415 608 2503 absolveret,
624 2415 791 2501 Romam,
803 2425 845 2483 ut
856 2437 893 2484 se
902 2409 994 2485 velle
1005 2408 1188 2503 dicebant,
1197 2412 1339 2491 ducere
1345 2416 1451 2517 jussit

388 2535 633 2609 Fortunatam
649 2530 757 2603 etiam
774 2528 818 2602 de
839 2553 941 2600 causa
959 2526 1055 2628 fugae
1077 2528 1188 2627 ipsine
1207 2550 1451 2630 permutatae,

389 2649 434 2724 ed
451 2646 728 2725 examinandum
753 2671 836 2719 eum
856 2646 1023 2719 Romano
1038 2643 1204 2744 pontifici
1230 2645 1371 2725 dimit
1384 2650 1451 2751 (ως

390 2768 465 2868 ipse
486 2789 573 2840 vero
599 2762 844 2864 Aquasgrani,
871 2760 936 2834 ubi
967 2760 1124 2837 hiemare
1153 2778 1358 2859 statuerat,
1379 2792 1453 2869 prn-

388 2883 505 2956 feetus
522 2895 588 2955 est.
608 2883 690 2970 Quo
709 2904 792 2951 cum
809 2878 982 2966 venisset,
1000 2893 1038 2952 et
1060 2876 1111 2951 ibi
1125 2879 1297 2957 Natalem
1319 2884 1452 2961 llnmini

389 2997 618 3085 celebrasset,
636 2995 785 3068 allatum
800 3009 854 3069 est
868 2995 923 3085 ei,
942 2995 1043 3096 quod
1060 2996 1165 3096 legati
1180 3000 1280 3099 regis
1297 3002 1454 3107 Bnlgarn

387 3145 471 3193 rum
486 3129 602 3190 essent
621 3113 659 3187 in
674 3113 834 3212 Bajoaria
843 3142 855 3204 ς
871 3112 1004 3215 quibus
1020 3112 1167 3189 obviam
1178 3117 1356 3209 mittens,
1371 3120 1452 3221 ipen

386 3236 535 3338 quidem
549 3229 718 3330 usquead
733 3245 874 3330 tempus
885 3256 1089 3331 congruum
1103 3230 1242 3307 ibidem
1252 3232 1348 3311 fecit
1359 3260 1453 3339 opp

388 3353 453 3426 riri
460 3353 526 3450 (5)
541 3349 723 3421 Coeterum
733 3347 868 3447 legatos
876 3346 1157 3437 Abodritorum,
1167 3348 1235 3450 qui
1248 3350 1366 3455 vnlgn
1375 3354 1453 3429 h}

422 3578 462 3647 (ι)
480 3572 513 3628 ld
531 3581 573 3625 est
585 3578 651 3623 aste
663 3568 745 3622 diem.
762 3565 830 3624 vid.
847 3587 924 3643 supr.
936 3589 964 3645 p.
983 3567 1046 3641 154,
1058 3580 1118 3627 not·
1133 3575 1161 3639 4.
1173 3572 1279 3631 men.
1296 3574 1386 3655 Bnq.
1396 3594 1450 3635 fl

386 3664 525 3730 Frehero,
541 3660 633 3716 Nuen.
646 3657 741 3711 comit.
756 3667 786 3711 et
796 3656 876 3712 codd.
894 3658 1055 3715 vindobon.
1064 3658 1132 3730 654,
1146 3660 1239 3719 Paris.
1248 3660 1342 3743 5924,
1352 3668 1447 3725 Truir.

385 3768 415 3814 et
423 3757 635 3818 Hannoreran0‚
644 3748 714 3821 legit
722 3747 764 3803 ad
771 3766 804 3802 xv
812 3747 937 3804 Kalend.
947 3750 1079 3806 Decemb.
1088 3748 1161 3809 eoa.
1171 3752 1295 3815 Ατιιιιι,
1305 3756 1447 3831 amoq.

385 3842 514 3902 lauded
524 3859 559 3896 ιιι
576 3837 699 3895 Kalend.

419 3936 459 4006 (a)
481 3933 536 4005 Qui
543 3929 584 3984 ad
595 3947 656 3982 eum
669 3947 705 3981 m.
720 3925 822 3981 desunt
834 3945 878 3999 ap.
894 3925 918 3979 N
922 3944 1014 3982 uenar.
1030 3945 1103 3983 com.
1117 3938 1148 3985 et
1159 3928 1196 3986 D.
1211 3930 1305 4009 Bnnq.

420 4023 459 4093 (3)
480 4022 569 4077 Iidem
586 4044 591 4072 :
606 4017 768 4090 patriarcha
784 4017 949 4073 Grudensis.

419 4117 458 4185 (l)
477 4112 565 4167 Iidem
578 4133 583 4162 :
599 4109 716 4163 llornam
731 4112 771 4162 ire
780 4109 864 4181 jussit
878 4117 909 4162 ut
918 4127 937 4164 a
949 4110 1081 4182 pontifice
1091 4114 1318 4169 eaemmw.

418 4203 457 4273 (5)
476 4201 564 4256 iidem
579 4224 583 4251 z
600 4197 701 4252 ibidem
713 4217 825 4252 massere
836 4201 978 4269 pracepit.
