<?xml version="1.0" encoding="UTF-8"?>
<!DOCTYPE html PUBLIC "-//W3C//DTD XHTML 1.0 Transitional//EN"
    "http://www.w3.org/TR/xhtml1/DTD/xhtml1-transitional.dtd">
<html xmlns="http://www.w3.org/1999/xhtml" xml:lang="en" lang="en">
 <head>
  <title>
</title>
<meta http-equiv="Content-Type" content="text/html;charset=utf-8" />
  <meta name='ocr-system' content='tesseract 3.04.00' />
  <meta name='ocr-capabilities' content='ocr_page ocr_carea ocr_par ocr_line ocrx_word'/>
</head>
<body>
  <div class='ocr_page' id='page_1' title='image "./einhardiomniaqu01einhgoog_0307.png"; bbox 0 0 3000 5272; ppageno 0'>
   <div class='ocr_carea' id='block_1_1' title="bbox 209 356 839 471">
    <p class='ocr_par' dir='ltr' id='par_1_1' title="bbox 209 356 839 471">
     <span class='ocr_line' id='line_1_1' title="bbox 209 356 839 471; baseline -0.013 0"><span class='ocrx_word' id='word_1_1' title='bbox 209 356 269 471; x_wconf 51' lang='lat'><strong>{98</strong></span> <span class='ocrx_word' id='word_1_2' title='bbox 648 405 839 466; x_wconf 77' lang='lat' dir='ltr'><strong>Kauontts.</strong></span> 
     </span>
    </p>
   </div>
   <div class='ocr_carea' id='block_1_2' title="bbox 208 534 1288 3556">
    <p class='ocr_par' dir='ltr' id='par_1_2' title="bbox 208 534 1288 3556">
     <span class='ocr_line' id='line_1_2' title="bbox 208 534 1284 637; baseline 0.001 -25"><span class='ocrx_word' id='word_1_3' title='bbox 208 539 304 614; x_wconf 86' lang='lat' dir='ltr'><strong>lonis</strong></span> <span class='ocrx_word' id='word_1_4' title='bbox 323 536 448 637; x_wconf 86' lang='lat' dir='ltr'><strong>adepta</strong></span> <span class='ocrx_word' id='word_1_5' title='bbox 460 535 648 610; x_wconf 86' lang='lat' dir='ltr'><strong>victoriam</strong></span> <span class='ocrx_word' id='word_1_6' title='bbox 666 537 749 635; x_wconf 87' lang='lat'><strong>(1),</strong></span> <span class='ocrx_word' id='word_1_7' title='bbox 768 536 898 609; x_wconf 77' lang='lat' dir='ltr'><strong>fnues</strong></span> <span class='ocrx_word' id='word_1_8' title='bbox 919 537 995 635; x_wconf 80' lang='lat' dir='ltr'><strong>ejus</strong></span> <span class='ocrx_word' id='word_1_9' title='bbox 1014 534 1234 613; x_wconf 82' lang='lat' dir='ltr'><strong>llcrinldum</strong></span> <span class='ocrx_word' id='word_1_10' title='bbox 1247 554 1284 613; x_wconf 81' lang='lat' dir='ltr'><strong>ct</strong></span> 
     </span>
     <span class='ocr_line' id='line_1_3' title="bbox 209 650 1283 753; baseline 0.003 -28"><span class='ocrx_word' id='word_1_11' title='bbox 209 651 461 753; x_wconf 82' lang='lat' dir='ltr'><strong>Reginfridum</strong></span> <span class='ocrx_word' id='word_1_12' title='bbox 474 651 531 749; x_wconf 85' lang='lat'><strong>(2)</strong></span> <span class='ocrx_word' id='word_1_13' title='bbox 544 676 644 751; x_wconf 81' lang='lat' dir='ltr'><strong>reges</strong></span> <span class='ocrx_word' id='word_1_14' title='bbox 654 650 723 723; x_wconf 86' lang='lat' dir='ltr'><strong>sibi</strong></span> <span class='ocrx_word' id='word_1_15' title='bbox 737 651 945 740; x_wconf 75' lang='lat' dir='ltr'><strong>constituit5</strong></span> <span class='ocrx_word' id='word_1_16' title='bbox 958 676 1069 752; x_wconf 85' lang='lat' dir='ltr'><strong>quum</strong></span> <span class='ocrx_word' id='word_1_17' title='bbox 1082 652 1283 728; x_wconf 66' lang='lat' dir='ltr'><strong>nmio</strong></span> 
     </span>
     <span class='ocr_line' id='line_1_4' title="bbox 209 766 1284 869; baseline 0.002 -28"><span class='ocrx_word' id='word_1_18' title='bbox 209 796 291 868; x_wconf 84' lang='lat' dir='ltr'><strong>pars</strong></span> <span class='ocrx_word' id='word_1_19' title='bbox 305 769 399 842; x_wconf 83' lang='lat' dir='ltr'><strong>victa</strong></span> <span class='ocrx_word' id='word_1_20' title='bbox 416 783 534 842; x_wconf 87' lang='lat' dir='ltr'><strong>secuta</strong></span> <span class='ocrx_word' id='word_1_21' title='bbox 542 820 555 856; x_wconf 94' lang='lat'><strong>,</strong></span> <span class='ocrx_word' id='word_1_22' title='bbox 574 767 718 863; x_wconf 83' lang='lat' dir='ltr'><strong>eosdem</strong></span> <span class='ocrx_word' id='word_1_23' title='bbox 734 767 802 841; x_wconf 87' lang='lat' dir='ltr'><strong>sibi</strong></span> <span class='ocrx_word' id='word_1_24' title='bbox 816 794 968 869; x_wconf 72' lang='lat' dir='ltr'><strong>regnare</strong></span> <span class='ocrx_word' id='word_1_25' title='bbox 978 792 1057 843; x_wconf 90' lang='lat' dir='ltr'><strong>uon</strong></span> <span class='ocrx_word' id='word_1_26' title='bbox 1071 766 1210 843; x_wconf 79' lang='lat' dir='ltr'><strong>abnuit</strong></span> <span class='ocrx_word' id='word_1_27' title='bbox 1222 798 1235 843; x_wconf 79' lang='lat' dir='ltr'><strong>s</strong></span> <span class='ocrx_word' id='word_1_28' title='bbox 1247 769 1284 843; x_wconf 94' lang='lat' dir='ltr'><strong>in</strong></span> 
     </span>
     <span class='ocr_line' id='line_1_5' title="bbox 209 884 1281 986; baseline -0.001 -26"><span class='ocrx_word' id='word_1_29' title='bbox 209 912 253 960; x_wconf 85' lang='lat' dir='ltr'><strong>eo</strong></span> <span class='ocrx_word' id='word_1_30' title='bbox 274 886 404 986; x_wconf 75' lang='lat' dir='ltr'><strong>praelio</strong></span> <span class='ocrx_word' id='word_1_31' title='bbox 424 910 448 958; x_wconf 89' lang='lat' dir='ltr'><strong>x</strong></span> <span class='ocrx_word' id='word_1_32' title='bbox 471 884 585 959; x_wconf 88' lang='lat' dir='ltr'><strong>millia</strong></span> <span class='ocrx_word' id='word_1_33' title='bbox 608 909 769 959; x_wconf 80' lang='lat' dir='ltr'><strong>nccccxu</strong></span> <span class='ocrx_word' id='word_1_34' title='bbox 790 886 860 959; x_wconf 79' lang='lat' dir='ltr'><strong>riri</strong></span> <span class='ocrx_word' id='word_1_35' title='bbox 880 884 1048 962; x_wconf 81' lang='lat' dir='ltr'><strong>occidisse</strong></span> <span class='ocrx_word' id='word_1_36' title='bbox 1068 902 1281 961; x_wconf 78' lang='lat' dir='ltr'><strong>numntm.</strong></span> 
     </span>
     <span class='ocr_line' id='line_1_6' title="bbox 210 1001 1282 1104; baseline 0.004 -30"><span class='ocrx_word' id='word_1_37' title='bbox 210 1002 394 1076; x_wconf 83' lang='lat' dir='ltr'><strong>Nicisorus</strong></span> <span class='ocrx_word' id='word_1_38' title='bbox 411 1003 606 1101; x_wconf 84' lang='lat' dir='ltr'><strong>imperator</strong></span> <span class='ocrx_word' id='word_1_39' title='bbox 622 1017 705 1103; x_wconf 90' lang='lat' dir='ltr'><strong>post</strong></span> <span class='ocrx_word' id='word_1_40' title='bbox 717 1001 848 1075; x_wconf 87' lang='lat' dir='ltr'><strong>multas</strong></span> <span class='ocrx_word' id='word_1_41' title='bbox 863 1018 901 1078; x_wconf 83' lang='lat' dir='ltr'><strong>et</strong></span> <span class='ocrx_word' id='word_1_42' title='bbox 916 1002 1075 1104; x_wconf 83' lang='lat' dir='ltr'><strong>insignes</strong></span> <span class='ocrx_word' id='word_1_43' title='bbox 1092 1002 1282 1091; x_wconf 78' lang='lat' dir='ltr'><strong>victorius,</strong></span> 
     </span>
     <span class='ocr_line' id='line_1_7' title="bbox 210 1120 1285 1222; baseline 0 -30"><span class='ocrx_word' id='word_1_44' title='bbox 210 1121 249 1195; x_wconf 93' lang='lat' dir='ltr'><strong>in</strong></span> <span class='ocrx_word' id='word_1_45' title='bbox 278 1120 406 1195; x_wconf 85' lang='lat' dir='ltr'><strong>Moesia</strong></span> <span class='ocrx_word' id='word_1_46' title='bbox 429 1120 615 1219; x_wconf 78' lang='lat' dir='ltr'><strong>provincia</strong></span> <span class='ocrx_word' id='word_1_47' title='bbox 642 1121 834 1195; x_wconf 83' lang='lat' dir='ltr'><strong>commisso</strong></span> <span class='ocrx_word' id='word_1_48' title='bbox 860 1146 943 1194; x_wconf 89' lang='lat' dir='ltr'><strong>cum</strong></span> <span class='ocrx_word' id='word_1_49' title='bbox 964 1120 1131 1222; x_wconf 72' lang='lat' dir='ltr'><strong>Bulguris</strong></span> <span class='ocrx_word' id='word_1_50' title='bbox 1156 1120 1285 1221; x_wconf 70' lang='lat' dir='ltr'><strong>pmlio</strong></span> 
     </span>
     <span class='ocr_line' id='line_1_8' title="bbox 211 1236 1284 1338; baseline -0.001 -24"><span class='ocrx_word' id='word_1_51' title='bbox 211 1239 385 1332; x_wconf 88' lang='lat' dir='ltr'><strong>moritur,</strong></span> <span class='ocrx_word' id='word_1_52' title='bbox 413 1254 450 1312; x_wconf 88' lang='lat' dir='ltr'><strong>et</strong></span> <span class='ocrx_word' id='word_1_53' title='bbox 469 1237 623 1312; x_wconf 87' lang='lat' dir='ltr'><strong>Michael</strong></span> <span class='ocrx_word' id='word_1_54' title='bbox 644 1263 756 1338; x_wconf 84' lang='lat' dir='ltr'><strong>gener</strong></span> <span class='ocrx_word' id='word_1_55' title='bbox 779 1240 854 1337; x_wconf 84' lang='lat' dir='ltr'><strong>ejus</strong></span> <span class='ocrx_word' id='word_1_56' title='bbox 876 1237 1079 1337; x_wconf 71' lang='lat' dir='ltr'><strong>imperator</strong></span> <span class='ocrx_word' id='word_1_57' title='bbox 1098 1236 1222 1313; x_wconf 76' lang='lat' dir='ltr'><strong>fuctus</strong></span> <span class='ocrx_word' id='word_1_58' title='bbox 1239 1236 1284 1313; x_wconf 85' lang='grc' dir='ltr'><strong>1ο-</strong></span> 
     </span>
     <span class='ocr_line' id='line_1_9' title="bbox 209 1354 1284 1457; baseline 0.003 -28"><span class='ocrx_word' id='word_1_59' title='bbox 209 1370 310 1457; x_wconf 83' lang='lat' dir='ltr'><strong>gatos</strong></span> <span class='ocrx_word' id='word_1_60' title='bbox 343 1357 571 1457; x_wconf 85' lang='lat' dir='ltr'><strong>imperatoris</strong></span> <span class='ocrx_word' id='word_1_61' title='bbox 599 1355 724 1430; x_wconf 85' lang='lat' dir='ltr'><strong>Karoli</strong></span> <span class='ocrx_word' id='word_1_62' title='bbox 735 1409 748 1444; x_wconf 90' lang='lat'><strong>,</strong></span> <span class='ocrx_word' id='word_1_63' title='bbox 778 1356 844 1457; x_wconf 87' lang='lat' dir='ltr'><strong>qui</strong></span> <span class='ocrx_word' id='word_1_64' title='bbox 874 1355 920 1429; x_wconf 85' lang='lat' dir='ltr'><strong>ad</strong></span> <span class='ocrx_word' id='word_1_65' title='bbox 951 1354 1162 1431; x_wconf 82' lang='lat' dir='ltr'><strong>Nicil&#39;orum</strong></span> <span class='ocrx_word' id='word_1_66' title='bbox 1187 1356 1284 1431; x_wconf 70' lang='lat' dir='ltr'><strong>nini</strong></span> 
     </span>
     <span class='ocr_line' id='line_1_10' title="bbox 211 1469 1283 1571; baseline 0.002 -27"><span class='ocrx_word' id='word_1_67' title='bbox 211 1471 381 1561; x_wconf 85' lang='lat' dir='ltr'><strong>suerunt,</strong></span> <span class='ocrx_word' id='word_1_68' title='bbox 402 1472 441 1545; x_wconf 95' lang='lat' dir='ltr'><strong>in</strong></span> <span class='ocrx_word' id='word_1_69' title='bbox 454 1470 770 1570; x_wconf 79' lang='lat' dir='ltr'><strong>Constantinopoli</strong></span> <span class='ocrx_word' id='word_1_70' title='bbox 787 1473 943 1571; x_wconf 82' lang='lat' dir='ltr'><strong>suscepit</strong></span> <span class='ocrx_word' id='word_1_71' title='bbox 955 1488 993 1546; x_wconf 83' lang='lat' dir='ltr'><strong>et</strong></span> <span class='ocrx_word' id='word_1_72' title='bbox 1008 1469 1169 1547; x_wconf 81' lang='lat' dir='ltr'><strong>absolvit</strong></span> <span class='ocrx_word' id='word_1_73' title='bbox 1175 1499 1190 1561; x_wconf 77' lang='lat'>3</span> <span class='ocrx_word' id='word_1_74' title='bbox 1204 1496 1283 1546; x_wconf 90' lang='lat' dir='ltr'><strong>cum</strong></span> 
     </span>
     <span class='ocr_line' id='line_1_11' title="bbox 211 1585 1284 1689; baseline 0.002 -28"><span class='ocrx_word' id='word_1_75' title='bbox 211 1585 345 1688; x_wconf 87' lang='lat' dir='ltr'><strong>quibus</strong></span> <span class='ocrx_word' id='word_1_76' title='bbox 359 1603 397 1661; x_wconf 88' lang='lat' dir='ltr'><strong>et</strong></span> <span class='ocrx_word' id='word_1_77' title='bbox 412 1611 495 1660; x_wconf 87' lang='lat' dir='ltr'><strong>suos</strong></span> <span class='ocrx_word' id='word_1_78' title='bbox 511 1587 646 1689; x_wconf 85' lang='lat' dir='ltr'><strong>legatos</strong></span> <span class='ocrx_word' id='word_1_79' title='bbox 661 1585 814 1677; x_wconf 79' lang='lat' dir='ltr'><strong>direxit,</strong></span> <span class='ocrx_word' id='word_1_80' title='bbox 831 1587 1043 1663; x_wconf 79' lang='lat' dir='ltr'><strong>Michaelem</strong></span> <span class='ocrx_word' id='word_1_81' title='bbox 1057 1588 1200 1665; x_wconf 77' lang='lat' dir='ltr'><strong>scilicet</strong></span> <span class='ocrx_word' id='word_1_82' title='bbox 1212 1590 1284 1689; x_wconf 83' lang='lat' dir='ltr'><strong>cpi·</strong></span> 
     </span>
     <span class='ocr_line' id='line_1_12' title="bbox 212 1704 1284 1807; baseline 0.002 -30"><span class='ocrx_word' id='word_1_83' title='bbox 212 1730 383 1806; x_wconf 87' lang='lat' dir='ltr'><strong>scopum,</strong></span> <span class='ocrx_word' id='word_1_84' title='bbox 400 1720 437 1779; x_wconf 90' lang='lat' dir='ltr'><strong>et</strong></span> <span class='ocrx_word' id='word_1_85' title='bbox 452 1704 632 1778; x_wconf 84' lang='lat' dir='ltr'><strong>Arsalium</strong></span> <span class='ocrx_word' id='word_1_86' title='bbox 645 1707 702 1804; x_wconf 73' lang='grc' dir='ltr'><strong>(ὅ)</strong></span> <span class='ocrx_word' id='word_1_87' title='bbox 720 1720 830 1807; x_wconf 80' lang='lat' dir='ltr'><strong>atquc</strong></span> <span class='ocrx_word' id='word_1_88' title='bbox 841 1705 1118 1807; x_wconf 79' lang='lat' dir='ltr'><strong>Theognostum</strong></span> <span class='ocrx_word' id='word_1_89' title='bbox 1130 1707 1191 1806; x_wconf 74' lang='grc'><strong>(4)</strong></span> <span class='ocrx_word' id='word_1_90' title='bbox 1203 1730 1284 1807; x_wconf 82' lang='lat' dir='ltr'><strong>pro·</strong></span> 
     </span>
     <span class='ocr_line' id='line_1_13' title="bbox 214 1821 1284 1923; baseline 0.002 -28"><span class='ocrx_word' id='word_1_91' title='bbox 214 1821 471 1922; x_wconf 78' lang='lat' dir='ltr'><strong>tospatliarios,</strong></span> <span class='ocrx_word' id='word_1_92' title='bbox 498 1838 535 1896; x_wconf 85' lang='lat' dir='ltr'><strong>et</strong></span> <span class='ocrx_word' id='word_1_93' title='bbox 557 1848 622 1920; x_wconf 87' lang='lat' dir='ltr'><strong>per</strong></span> <span class='ocrx_word' id='word_1_94' title='bbox 644 1849 706 1898; x_wconf 88' lang='lat' dir='ltr'><strong>eos</strong></span> <span class='ocrx_word' id='word_1_95' title='bbox 725 1848 849 1922; x_wconf 87' lang='lat' dir='ltr'><strong>paoem</strong></span> <span class='ocrx_word' id='word_1_96' title='bbox 871 1849 891 1894; x_wconf 92' lang='lat' dir='ltr'><strong>a</strong></span> <span class='ocrx_word' id='word_1_97' title='bbox 912 1822 1080 1898; x_wconf 87' lang='lat' dir='ltr'><strong>Nicisoro</strong></span> <span class='ocrx_word' id='word_1_98' title='bbox 1106 1823 1284 1923; x_wconf 71' lang='lat' dir='ltr'><strong>inceptum</strong></span> 
     </span>
     <span class='ocr_line' id='line_1_14' title="bbox 215 1938 1285 2041; baseline -0.002 -24"><span class='ocrx_word' id='word_1_99' title='bbox 215 1938 457 2017; x_wconf 76' lang='lat' dir='ltr'><strong>confimavit.</strong></span> <span class='ocrx_word' id='word_1_100' title='bbox 489 1939 582 2014; x_wconf 86' lang='lat' dir='ltr'><strong>Nam</strong></span> <span class='ocrx_word' id='word_1_101' title='bbox 609 1940 851 2041; x_wconf 84' lang='lat' dir='ltr'><strong>Aquisgrani,</strong></span> <span class='ocrx_word' id='word_1_102' title='bbox 873 1940 938 2013; x_wconf 90' lang='lat' dir='ltr'><strong>uhi</strong></span> <span class='ocrx_word' id='word_1_103' title='bbox 960 1939 1006 2014; x_wconf 88' lang='lat' dir='ltr'><strong>ad</strong></span> <span class='ocrx_word' id='word_1_104' title='bbox 1028 1941 1285 2041; x_wconf 71' lang='lat' dir='ltr'><strong>imperatorem</strong></span> 
     </span>
     <span class='ocr_line' id='line_1_15' title="bbox 213 2056 1283 2159; baseline 0.004 -30"><span class='ocrx_word' id='word_1_105' title='bbox 213 2072 413 2148; x_wconf 77' lang='lat' dir='ltr'><strong>venerunt,</strong></span> <span class='ocrx_word' id='word_1_106' title='bbox 428 2058 604 2157; x_wconf 77' lang='lat' dir='ltr'><strong>scriptum</strong></span> <span class='ocrx_word' id='word_1_107' title='bbox 613 2059 708 2157; x_wconf 87' lang='lat' dir='ltr'><strong>pacti</strong></span> <span class='ocrx_word' id='word_1_108' title='bbox 721 2056 767 2130; x_wconf 89' lang='lat' dir='ltr'><strong>ab</strong></span> <span class='ocrx_word' id='word_1_109' title='bbox 777 2084 822 2133; x_wconf 89' lang='lat' dir='ltr'><strong>eo</strong></span> <span class='ocrx_word' id='word_1_110' title='bbox 833 2059 872 2133; x_wconf 90' lang='lat' dir='ltr'><strong>in</strong></span> <span class='ocrx_word' id='word_1_111' title='bbox 880 2057 1027 2133; x_wconf 82' lang='lat' dir='ltr'><strong>ecclesia</strong></span> <span class='ocrx_word' id='word_1_112' title='bbox 1037 2058 1283 2159; x_wconf 70' lang='lat' dir='ltr'><strong>suscipientes,</strong></span> 
     </span>
     <span class='ocr_line' id='line_1_16' title="bbox 215 2171 1283 2274; baseline 0.003 -30"><span class='ocrx_word' id='word_1_113' title='bbox 215 2197 319 2246; x_wconf 84' lang='lat' dir='ltr'><strong>more</strong></span> <span class='ocrx_word' id='word_1_114' title='bbox 342 2198 431 2261; x_wconf 87' lang='lat' dir='ltr'><strong>suo,</strong></span> <span class='ocrx_word' id='word_1_115' title='bbox 459 2171 568 2246; x_wconf 88' lang='lat' dir='ltr'><strong>idest</strong></span> <span class='ocrx_word' id='word_1_116' title='bbox 589 2198 705 2272; x_wconf 77' lang='lat' dir='ltr'><strong>graeca</strong></span> <span class='ocrx_word' id='word_1_117' title='bbox 727 2173 871 2274; x_wconf 83' lang='lat' dir='ltr'><strong>lingua,</strong></span> <span class='ocrx_word' id='word_1_118' title='bbox 899 2171 1020 2246; x_wconf 84' lang='lat' dir='ltr'><strong>laudes</strong></span> <span class='ocrx_word' id='word_1_119' title='bbox 1038 2172 1071 2247; x_wconf 86' lang='lat' dir='ltr'><strong>ei</strong></span> <span class='ocrx_word' id='word_1_120' title='bbox 1092 2172 1283 2261; x_wconf 80' lang='lat' dir='ltr'><strong>dixerunt,</strong></span> 
     </span>
     <span class='ocr_line' id='line_1_17' title="bbox 217 2288 1286 2389; baseline 0.005 -29"><span class='ocrx_word' id='word_1_121' title='bbox 217 2288 472 2389; x_wconf 69' lang='lat' dir='ltr'><strong>imperatorem</strong></span> <span class='ocrx_word' id='word_1_122' title='bbox 485 2315 568 2363; x_wconf 88' lang='lat' dir='ltr'><strong>eum</strong></span> <span class='ocrx_word' id='word_1_123' title='bbox 579 2304 615 2362; x_wconf 87' lang='lat' dir='ltr'><strong>et</strong></span> <span class='ocrx_word' id='word_1_124' title='bbox 627 2288 799 2363; x_wconf 86' lang='lat' dir='ltr'><strong>basileum</strong></span> <span class='ocrx_word' id='word_1_125' title='bbox 809 2289 863 2388; x_wconf 82' lang='lat'><strong>(5)</strong></span> <span class='ocrx_word' id='word_1_126' title='bbox 876 2288 1094 2389; x_wconf 75' lang='lat' dir='ltr'><strong>appellantes</strong></span> <span class='ocrx_word' id='word_1_127' title='bbox 1101 2342 1114 2378; x_wconf 96' lang='lat'><strong>,</strong></span> <span class='ocrx_word' id='word_1_128' title='bbox 1125 2306 1286 2365; x_wconf 75' lang='lat' dir='ltr'><strong>etmen-</strong></span> 
     </span>
     <span class='ocr_line' id='line_1_18' title="bbox 218 2388 1286 2507; baseline 0.001 -27"><span class='ocrx_word' id='word_1_129' title='bbox 218 2407 329 2482; x_wconf 86' lang='lat' dir='ltr'><strong>tendo</strong></span> <span class='ocrx_word' id='word_1_130' title='bbox 342 2388 497 2481; x_wconf 84' lang='lat' dir='ltr'><strong>Romam</strong></span> <span class='ocrx_word' id='word_1_131' title='bbox 508 2408 711 2494; x_wconf 84' lang='lat' dir='ltr'><strong>venientes,</strong></span> <span class='ocrx_word' id='word_1_132' title='bbox 730 2408 768 2479; x_wconf 90' lang='lat' dir='ltr'><strong>in</strong></span> <span class='ocrx_word' id='word_1_133' title='bbox 781 2405 924 2480; x_wconf 77' lang='lat' dir='ltr'><strong>basilica</strong></span> <span class='ocrx_word' id='word_1_134' title='bbox 938 2406 1054 2481; x_wconf 85' lang='lat' dir='ltr'><strong>sancti</strong></span> <span class='ocrx_word' id='word_1_135' title='bbox 1067 2407 1169 2481; x_wconf 83' lang='lat' dir='ltr'><strong>Petri</strong></span> <span class='ocrx_word' id='word_1_136' title='bbox 1182 2432 1286 2507; x_wconf 77' lang='lat' dir='ltr'><strong>spus-</strong></span> 
     </span>
     <span class='ocr_line' id='line_1_19' title="bbox 219 2523 1286 2625; baseline 0.001 -28"><span class='ocrx_word' id='word_1_137' title='bbox 219 2524 285 2597; x_wconf 85' lang='lat' dir='ltr'><strong>toli</strong></span> <span class='ocrx_word' id='word_1_138' title='bbox 297 2524 451 2599; x_wconf 88' lang='lat' dir='ltr'><strong>eundem</strong></span> <span class='ocrx_word' id='word_1_139' title='bbox 463 2525 557 2625; x_wconf 85' lang='lat' dir='ltr'><strong>pacti</strong></span> <span class='ocrx_word' id='word_1_140' title='bbox 572 2551 634 2598; x_wconf 89' lang='lat' dir='ltr'><strong>seu</strong></span> <span class='ocrx_word' id='word_1_141' title='bbox 645 2524 794 2597; x_wconf 85' lang='lat' dir='ltr'><strong>foederis</strong></span> <span class='ocrx_word' id='word_1_142' title='bbox 805 2523 1286 2625; x_wconf 74' lang='lat' dir='ltr'><strong>libellumaLeonepspuds</strong></span> 
     </span>
     <span class='ocr_line' id='line_1_20' title="bbox 219 2636 1286 2740; baseline -0.001 -30"><span class='ocrx_word' id='word_1_143' title='bbox 219 2665 297 2713; x_wconf 88' lang='lat' dir='ltr'><strong>nuo</strong></span> <span class='ocrx_word' id='word_1_144' title='bbox 310 2654 556 2739; x_wconf 85' lang='lat' dir='ltr'><strong>susceperunt.</strong></span> <span class='ocrx_word' id='word_1_145' title='bbox 574 2638 714 2731; x_wconf 86' lang='lat' dir='ltr'><strong>Quibus</strong></span> <span class='ocrx_word' id='word_1_146' title='bbox 726 2636 897 2726; x_wconf 88' lang='lat' dir='ltr'><strong>dimissis,</strong></span> <span class='ocrx_word' id='word_1_147' title='bbox 916 2640 1114 2738; x_wconf 85' lang='lat' dir='ltr'><strong>imperator</strong></span> <span class='ocrx_word' id='word_1_148' title='bbox 1129 2638 1286 2740; x_wconf 80' lang='lat' dir='ltr'><strong>generali</strong></span> 
     </span>
     <span class='ocr_line' id='line_1_21' title="bbox 220 2754 1287 2857; baseline 0.003 -29"><span class='ocrx_word' id='word_1_149' title='bbox 220 2770 405 2830; x_wconf 83' lang='lat' dir='ltr'><strong>conventu</strong></span> <span class='ocrx_word' id='word_1_150' title='bbox 416 2757 529 2857; x_wconf 85' lang='lat' dir='ltr'><strong>Aquis</strong></span> <span class='ocrx_word' id='word_1_151' title='bbox 539 2756 749 2830; x_wconf 84' lang='lat' dir='ltr'><strong>solemniter</strong></span> <span class='ocrx_word' id='word_1_152' title='bbox 758 2754 897 2845; x_wconf 85' lang='lat' dir='ltr'><strong>habito,</strong></span> <span class='ocrx_word' id='word_1_153' title='bbox 912 2755 1165 2831; x_wconf 71' lang='lat' dir='ltr'><strong>Bernhardum</strong></span> <span class='ocrx_word' id='word_1_154' title='bbox 1174 2756 1287 2831; x_wconf 87' lang='lat' dir='ltr'><strong>filium</strong></span> 
     </span>
     <span class='ocr_line' id='line_1_22' title="bbox 220 2872 1288 2975; baseline 0.006 -32"><span class='ocrx_word' id='word_1_155' title='bbox 220 2872 386 2972; x_wconf 84' lang='lat' dir='ltr'><strong>Pippini,</strong></span> <span class='ocrx_word' id='word_1_156' title='bbox 404 2889 574 2972; x_wconf 87' lang='lat' dir='ltr'><strong>nepotem</strong></span> <span class='ocrx_word' id='word_1_157' title='bbox 594 2899 696 2947; x_wconf 88' lang='lat' dir='ltr'><strong>suum</strong></span> <span class='ocrx_word' id='word_1_158' title='bbox 705 2928 717 2963; x_wconf 94' lang='lat'><strong>,</strong></span> <span class='ocrx_word' id='word_1_159' title='bbox 734 2875 772 2947; x_wconf 89' lang='lat' dir='ltr'><strong>in</strong></span> <span class='ocrx_word' id='word_1_160' title='bbox 788 2874 927 2947; x_wconf 83' lang='lat' dir='ltr'><strong>ltaliam</strong></span> <span class='ocrx_word' id='word_1_161' title='bbox 941 2874 1062 2963; x_wconf 70' lang='lat' dir='ltr'><strong>misit,</strong></span> <span class='ocrx_word' id='word_1_162' title='bbox 1081 2890 1120 2951; x_wconf 88' lang='lat' dir='ltr'><strong>et</strong></span> <span class='ocrx_word' id='word_1_163' title='bbox 1139 2889 1288 2975; x_wconf 83' lang='lat' dir='ltr'><strong>propter</strong></span> 
     </span>
     <span class='ocr_line' id='line_1_23' title="bbox 221 2988 1288 3092; baseline 0.004 -31"><span class='ocrx_word' id='word_1_164' title='bbox 221 2988 353 3062; x_wconf 87' lang='lat' dir='ltr'><strong>famam</strong></span> <span class='ocrx_word' id='word_1_165' title='bbox 370 2990 506 3079; x_wconf 87' lang='lat' dir='ltr'><strong>classis,</strong></span> <span class='ocrx_word' id='word_1_166' title='bbox 525 3016 608 3092; x_wconf 87' lang='lat' dir='ltr'><strong>quae</strong></span> <span class='ocrx_word' id='word_1_167' title='bbox 625 3006 662 3064; x_wconf 85' lang='lat' dir='ltr'><strong>et</strong></span> <span class='ocrx_word' id='word_1_168' title='bbox 677 2990 721 3064; x_wconf 88' lang='lat' dir='ltr'><strong>de</strong></span> <span class='ocrx_word' id='word_1_169' title='bbox 733 2991 853 3065; x_wconf 80' lang='lat' dir='ltr'><strong>Africa</strong></span> <span class='ocrx_word' id='word_1_170' title='bbox 870 3007 905 3067; x_wconf 84' lang='lat' dir='ltr'><strong>ct</strong></span> <span class='ocrx_word' id='word_1_171' title='bbox 919 2992 964 3067; x_wconf 87' lang='lat' dir='ltr'><strong>de</strong></span> <span class='ocrx_word' id='word_1_172' title='bbox 976 2992 1146 3091; x_wconf 72' lang='lat' dir='ltr'><strong>Hispania</strong></span> <span class='ocrx_word' id='word_1_173' title='bbox 1159 2990 1207 3067; x_wconf 82' lang='lat' dir='ltr'><strong>ud</strong></span> <span class='ocrx_word' id='word_1_174' title='bbox 1221 3018 1288 3067; x_wconf 82' lang='lat' dir='ltr'><strong>ras·</strong></span> 
     </span>
     <span class='ocr_line' id='line_1_24' title="bbox 222 3104 1287 3206; baseline 0.002 -27"><span class='ocrx_word' id='word_1_175' title='bbox 222 3104 367 3179; x_wconf 80' lang='lat' dir='ltr'><strong>tundam</strong></span> <span class='ocrx_word' id='word_1_176' title='bbox 378 3106 516 3179; x_wconf 84' lang='lat' dir='ltr'><strong>ltaliam</strong></span> <span class='ocrx_word' id='word_1_177' title='bbox 529 3120 680 3179; x_wconf 84' lang='lat' dir='ltr'><strong>ventura</strong></span> <span class='ocrx_word' id='word_1_178' title='bbox 692 3106 892 3196; x_wconf 79' lang='lat' dir='ltr'><strong>dicebatur,</strong></span> <span class='ocrx_word' id='word_1_179' title='bbox 903 3108 1095 3182; x_wconf 79' lang='lat' dir='ltr'><strong>Walanem</strong></span> <span class='ocrx_word' id='word_1_180' title='bbox 1106 3106 1165 3206; x_wconf 84' lang='lat'><strong>(6)</strong></span> <span class='ocrx_word' id='word_1_181' title='bbox 1174 3106 1287 3181; x_wconf 83' lang='lat' dir='ltr'><strong>filium</strong></span> 
     </span>
     <span class='ocr_line' id='line_1_25' title="bbox 222 3221 1287 3327; baseline 0.005 -33"><span class='ocrx_word' id='word_1_182' title='bbox 222 3221 421 3297; x_wconf 85' lang='lat' dir='ltr'><strong>Bernhardi</strong></span> <span class='ocrx_word' id='word_1_183' title='bbox 438 3223 610 3323; x_wconf 83' lang='lat' dir='ltr'><strong>patruelis</strong></span> <span class='ocrx_word' id='word_1_184' title='bbox 627 3225 680 3296; x_wconf 90' lang='lat' dir='ltr'><strong>sui</strong></span> <span class='ocrx_word' id='word_1_185' title='bbox 701 3250 784 3298; x_wconf 89' lang='lat' dir='ltr'><strong>cum</strong></span> <span class='ocrx_word' id='word_1_186' title='bbox 802 3224 867 3300; x_wconf 94' lang='lat' dir='ltr'><strong>illo</strong></span> <span class='ocrx_word' id='word_1_187' title='bbox 883 3252 957 3301; x_wconf 87' lang='lat' dir='ltr'><strong>esse</strong></span> <span class='ocrx_word' id='word_1_188' title='bbox 967 3226 1093 3325; x_wconf 86' lang='lat' dir='ltr'><strong>jussit,</strong></span> <span class='ocrx_word' id='word_1_189' title='bbox 1111 3224 1287 3327; x_wconf 84' lang='lat' dir='ltr'><strong>quoadus-</strong></span> 
     </span>
     <span class='ocr_line' id='line_1_26' title="bbox 224 3341 1287 3440; baseline 0.004 -29"><span class='ocrx_word' id='word_1_190' title='bbox 224 3365 295 3440; x_wconf 89' lang='lat' dir='ltr'><strong>que</strong></span> <span class='ocrx_word' id='word_1_191' title='bbox 313 3364 438 3412; x_wconf 87' lang='lat' dir='ltr'><strong>rerum</strong></span> <span class='ocrx_word' id='word_1_192' title='bbox 457 3358 606 3415; x_wconf 86' lang='lat' dir='ltr'><strong>eventus</strong></span> <span class='ocrx_word' id='word_1_193' title='bbox 625 3342 852 3417; x_wconf 82' lang='lat' dir='ltr'><strong>securitatem</strong></span> <span class='ocrx_word' id='word_1_194' title='bbox 868 3342 1001 3416; x_wconf 86' lang='lat' dir='ltr'><strong>nostris</strong></span> <span class='ocrx_word' id='word_1_195' title='bbox 1021 3341 1181 3417; x_wconf 83' lang='lat' dir='ltr'><strong>afferret.</strong></span> <span class='ocrx_word' id='word_1_196' title='bbox 1208 3342 1287 3415; x_wconf 75' lang='lat' dir='ltr'><strong>flac</strong></span> 
     </span>
     <span class='ocr_line' id='line_1_27' title="bbox 224 3453 1286 3556; baseline 0.005 -30"><span class='ocrx_word' id='word_1_197' title='bbox 224 3453 342 3527; x_wconf 86' lang='lat' dir='ltr'><strong>classis</strong></span> <span class='ocrx_word' id='word_1_198' title='bbox 362 3457 494 3553; x_wconf 85' lang='lat' dir='ltr'><strong>partim</strong></span> <span class='ocrx_word' id='word_1_199' title='bbox 515 3457 553 3528; x_wconf 91' lang='lat' dir='ltr'><strong>in</strong></span> <span class='ocrx_word' id='word_1_200' title='bbox 573 3456 775 3543; x_wconf 85' lang='lat' dir='ltr'><strong>Corsicam,</strong></span> <span class='ocrx_word' id='word_1_201' title='bbox 797 3458 930 3556; x_wconf 88' lang='lat' dir='ltr'><strong>partim</strong></span> <span class='ocrx_word' id='word_1_202' title='bbox 950 3457 988 3528; x_wconf 89' lang='lat' dir='ltr'><strong>in</strong></span> <span class='ocrx_word' id='word_1_203' title='bbox 1009 3455 1213 3531; x_wconf 80' lang='lat' dir='ltr'><strong>Sanliniam</strong></span> <span class='ocrx_word' id='word_1_204' title='bbox 1229 3482 1286 3531; x_wconf 78' lang='lat' dir='ltr'><strong>ve-</strong></span> 
     </span>
    </p>
   </div>
   <div class='ocr_carea' id='block_1_3' title="bbox 262 3744 1186 4257">
    <p class='ocr_par' dir='ltr' id='par_1_3' title="bbox 262 3744 779 3818">
     <span class='ocr_line' id='line_1_28' title="bbox 262 3744 779 3818; baseline -0.004 -19"><span class='ocrx_word' id='word_1_205' title='bbox 262 3748 301 3817; x_wconf 88' lang='grc' dir='ltr'><strong>(ι)</strong></span> <span class='ocrx_word' id='word_1_206' title='bbox 319 3745 426 3818; x_wconf 88' lang='lat' dir='ltr'><strong>Quinq.</strong></span> <span class='ocrx_word' id='word_1_207' title='bbox 441 3744 522 3798; x_wconf 88' lang='lat' dir='ltr'><strong>codd.</strong></span> <span class='ocrx_word' id='word_1_208' title='bbox 534 3746 637 3817; x_wconf 79' lang='lat' dir='ltr'><strong>adopta</strong></span> <span class='ocrx_word' id='word_1_209' title='bbox 650 3750 779 3801; x_wconf 72' lang='lat' dir='ltr'><strong>victoriis.</strong></span> 
     </span>
    </p>

    <p class='ocr_par' dir='ltr' id='par_1_4' title="bbox 262 3832 837 3907">
     <span class='ocr_line' id='line_1_29' title="bbox 262 3832 837 3907; baseline -0.003 -20"><span class='ocrx_word' id='word_1_210' title='bbox 262 3835 301 3905; x_wconf 82' lang='lat'><strong>(2)</strong></span> <span class='ocrx_word' id='word_1_211' title='bbox 319 3832 372 3888; x_wconf 79' lang='lat' dir='ltr'><strong>All.</strong></span> <span class='ocrx_word' id='word_1_212' title='bbox 388 3833 606 3906; x_wconf 64' lang='lat' dir='ltr'><strong>Regerffridum,</strong></span> <span class='ocrx_word' id='word_1_213' title='bbox 621 3833 837 3907; x_wconf 77' lang='lat' dir='ltr'><strong>Ragensridum.</strong></span> 
     </span>
    </p>

    <p class='ocr_par' dir='ltr' id='par_1_5' title="bbox 264 3920 824 3996">
     <span class='ocr_line' id='line_1_30' title="bbox 264 3920 824 3996; baseline -0.005 -19"><span class='ocrx_word' id='word_1_214' title='bbox 264 3920 304 3989; x_wconf 81' lang='lat'><strong>(3)</strong></span> <span class='ocrx_word' id='word_1_215' title='bbox 321 3922 391 3977; x_wconf 89' lang='lat' dir='ltr'><strong>Cod.</strong></span> <span class='ocrx_word' id='word_1_216' title='bbox 403 3922 474 3996; x_wconf 82' lang='lat' dir='ltr'><strong>Reg.</strong></span> <span class='ocrx_word' id='word_1_217' title='bbox 486 3923 548 3976; x_wconf 86' lang='lat' dir='ltr'><strong>Par.</strong></span> <span class='ocrx_word' id='word_1_218' title='bbox 564 3921 651 3996; x_wconf 69' lang='lat'><strong>5924·</strong></span> <span class='ocrx_word' id='word_1_219' title='bbox 670 3923 824 3996; x_wconf 75' lang='lat' dir='ltr'><strong>Arsusimu</strong></span> 
     </span>
    </p>

    <p class='ocr_par' dir='ltr' id='par_1_6' title="bbox 264 4012 594 4082">
     <span class='ocr_line' id='line_1_31' title="bbox 264 4012 594 4082; baseline -0.009 -16"><span class='ocrx_word' id='word_1_220' title='bbox 264 4015 304 4079; x_wconf 74' lang='grc'><strong>(4)</strong></span> <span class='ocrx_word' id='word_1_221' title='bbox 322 4012 365 4066; x_wconf 80' lang='grc' dir='ltr'><strong>ΑΙ.</strong></span> <span class='ocrx_word' id='word_1_222' title='bbox 385 4012 594 4082; x_wconf 77' lang='lat' dir='ltr'><strong>Theognistum.</strong></span> 
     </span>
    </p>

    <p class='ocr_par' dir='ltr' id='par_1_7' title="bbox 263 4098 1186 4257">
     <span class='ocr_line' id='line_1_32' title="bbox 263 4098 1186 4171; baseline -0.004 -16"><span class='ocrx_word' id='word_1_223' title='bbox 263 4098 302 4170; x_wconf 81' lang='grc'><strong>(5)</strong></span> <span class='ocrx_word' id='word_1_224' title='bbox 321 4101 344 4155; x_wconf 87' lang='grc' dir='ltr'><strong>Ν</strong></span> <span class='ocrx_word' id='word_1_225' title='bbox 348 4119 441 4155; x_wconf 73' lang='lat' dir='ltr'><strong>stenar.</strong></span> <span class='ocrx_word' id='word_1_226' title='bbox 457 4120 548 4156; x_wconf 81' lang='lat' dir='ltr'><strong>contos</strong></span> <span class='ocrx_word' id='word_1_227' title='bbox 564 4127 568 4155; x_wconf 92' lang='lat'>:</span> <span class='ocrx_word' id='word_1_228' title='bbox 585 4107 694 4163; x_wconf 58' lang='lat' dir='ltr'><strong>fiscalia</strong></span> <span class='ocrx_word' id='word_1_229' title='bbox 705 4122 766 4157; x_wconf 83' lang='lat' dir='ltr'><strong>eum</strong></span> <span class='ocrx_word' id='word_1_230' title='bbox 775 4102 949 4171; x_wconf 79' lang='lat' dir='ltr'><strong>appellantes</strong></span> <span class='ocrx_word' id='word_1_231' title='bbox 960 4109 986 4154; x_wconf 82' lang='lat' dir='ltr'><strong>et</strong></span> <span class='ocrx_word' id='word_1_232' title='bbox 998 4098 1063 4153; x_wconf 80' lang='lat' dir='ltr'><strong>iude</strong></span> <span class='ocrx_word' id='word_1_233' title='bbox 1074 4102 1186 4153; x_wconf 70' lang='lat' dir='ltr'><strong>reversi.</strong></span> 
     </span>
     <span class='ocr_line' id='line_1_33' title="bbox 266 4187 717 4257; baseline 0.007 -17"><span class='ocrx_word' id='word_1_234' title='bbox 266 4187 305 4257; x_wconf 79' lang='lat' dir='ltr'><strong>(li)</strong></span> <span class='ocrx_word' id='word_1_235' title='bbox 327 4189 446 4243; x_wconf 75' lang='lat' dir='ltr'><strong>Nueuar.</strong></span> <span class='ocrx_word' id='word_1_236' title='bbox 462 4208 533 4245; x_wconf 80' lang='lat' dir='ltr'><strong>cont.</strong></span> <span class='ocrx_word' id='word_1_237' title='bbox 554 4191 717 4245; x_wconf 76' lang='lat' dir='ltr'><strong>ll&#39;alloucm.</strong></span> 
     </span>
    </p>
   </div>
   <div class='ocr_carea' id='block_1_4' title="bbox 0 0 1522 5272">
    <p class='ocr_par' dir='ltr' id='par_1_8' title="bbox 0 0 1522 5272">
     <span class='ocr_line' id='line_1_34' title="bbox 0 0 1522 5272; baseline 0 0"><span class='ocrx_word' id='word_1_238' title='bbox 0 0 1522 5272; x_wconf 95' lang='lat' dir='ltr'><strong> </strong></span> 
     </span>
    </p>
   </div>
  </div>
 </body>
</html>
