3000 5272
218 416 277 476 174
625 428 628 433 ·
652 410 838 472 ternotus.

216 548 379 620 vicorum
401 543 637 643 villarumque
661 541 752 631 fuit,
779 542 878 617 ferro
905 558 941 615 et
964 543 1045 644 igne
1069 541 1267 643 depopulati

216 678 313 737 sant.
340 661 419 733 Pari
450 659 560 734 modo
578 685 673 731 sacra
696 659 916 760 profanaque
933 658 1170 760 pessumdata.
1188 659 1269 733 Nol-

217 780 293 852 lum
311 778 425 850 aetatis
443 791 504 849 ant
522 802 625 850 sexus
642 776 699 874 (t)
712 776 904 850 discrimen
921 775 973 847 ira
990 773 1100 849 hostis
1123 774 1268 863 fecerat,

217 909 258 965 ut
278 892 417 994 liquido
439 907 639 991 appareret,
655 916 715 964 eos
729 916 804 964 non
816 889 1012 990 praedandi,
1026 890 1088 965 aed
1101 890 1271 965 ultionan

216 1009 402 1084 exercendi
428 1010 480 1106 (a)
504 1008 616 1107 gratia
645 1009 865 1081 Francorum
891 1007 1065 1082 terminos
1095 1007 1269 1082 introisse.

217 1126 326 1226 Cujus
342 1126 394 1199 rei
421 1127 594 1198 nuncium
618 1151 700 1198 cum
728 1151 792 1197 rex
811 1124 905 1224 apud
921 1125 1197 1199 Autisiodornm
1221 1125 1271 1223 (ὅ)

217 1245 398 1317 civitatem
421 1244 627 1343 accepisset,
647 1242 828 1341 extemplo
843 1243 999 1314 Francos
1017 1240 1213 1316 orientaics
1223 1256 1272 1314 at·

215 1386 287 1461 que
298 1359 513 1433 Alamannos
525 1358 569 1431 ad
582 1355 864 1456 propulsandum
880 1356 1018 1431 hostem
1027 1356 1201 1430 festinare
1208 1358 1272 1455 jae

219 1476 280 1546 sit.
299 1477 376 1574 lpse
395 1474 532 1546 caeteris
555 1473 668 1571 copiis
684 1472 857 1575 dimissis,
873 1471 1120 1545 Heristallinm
1134 1471 1270 1558 villam,

218 1597 256 1664 in
273 1616 343 1691 qna
358 1590 514 1664 hiemare
533 1589 786 1677 constituerat,
804 1589 915 1662 venit.
932 1589 982 1662 At
996 1588 1125 1661 Franci
1141 1602 1181 1662 et
1194 1586 1272 1659 Ala·

215 1707 340 1780 manni
356 1708 418 1807 qui
436 1722 562 1779 contra
580 1706 736 1779 Saxones
752 1707 848 1778 missi
866 1723 987 1796 erant,
1007 1704 1148 1805 magnis
1170 1705 1271 1778 itine·

216 1821 316 1894 ribus
326 1822 371 1894 ad
385 1848 445 1895 eos
459 1823 511 1894 ire
525 1822 765 1913 contendunt,
779 1823 806 1893 si
823 1821 920 1895 forte
931 1823 969 1895 in
985 1819 1121 1894 finibus
1134 1821 1209 1894 suis
1218 1844 1272 1895 eos

214 1942 376 2013 invenire
390 1955 544 2038 possent.
561 1939 630 2012 Sed
648 1939 722 2027 illi,
732 1943 807 2038 jam
822 1965 861 2012 re
878 1956 1034 2039 peracta,
1052 1935 1271 2014 rever-tehen

215 2072 277 2128 tur
291 2055 335 2129 ad
353 2083 427 2128 sua.
457 2055 620 2147 Quorum
635 2056 780 2156 vestigia
800 2059 940 2157 sequuti
958 2059 1022 2157 qui
1039 2082 1058 2129 a
1075 2081 1161 2157 rege
1179 2055 1270 2129 mini

214 2169 381 2259 fuerunt,
401 2172 438 2242 in
458 2196 550 2271 pago
572 2173 777 2244 Hassiorum
795 2198 901 2271 snper
925 2171 1076 2244 fluvium
1095 2171 1271 2244 Adernam

214 2287 284 2359 iter
292 2302 434 2386 agentes
452 2286 669 2358 invenerunt
686 2290 757 2384 (4),
777 2312 907 2387 eosque
923 2287 1044 2359 statim
1062 2286 1100 2357 in
1115 2286 1195 2386 ipso
1206 2285 1270 2358 fln-

213 2402 321 2476 minis
334 2401 425 2475 vado
441 2400 577 2490 adorti,
593 2417 692 2474 tanta
709 2419 824 2503 strage
841 2402 1066 2490 ceciderunt,
1089 2415 1134 2473 ut
1148 2426 1195 2476 ex
1215 2402 1270 2474 in-

212 2520 311 2618 genti
327 2517 560 2592 multitudine
571 2519 729 2618 ipsorum
746 2521 805 2592 vix
818 2521 921 2619 pauci
938 2519 1087 2593 domum
1103 2516 1269 2620 fugiendo

213 2637 412 2734 pervenisse
429 2635 609 2709 dicantur.

608 2846 873 2920 DCCLXXlX.

261 3006 309 3076 At
331 3031 393 3079 rex
419 3004 462 3077 de
480 3005 706 3094 Heristallio,
726 3004 787 3078 uhi
809 3005 1025 3082 hiemaverat
1039 3023 1077 3081 et
1091 3007 1156 3082 nhi
1175 3024 1268 3083 nau·

211 3124 282 3196 lem
299 3121 445 3193 Domini
475 3147 515 3192 ao
543 3136 705 3194 sanctum
730 3122 858 3196 Pascha
878 3122 1135 3215 celebraverat,
1156 3126 1267 3226 prima

211 3239 302 3312 veris
324 3239 496 3337 temperie
513 3263 681 3326 movens,
700 3239 964 3339 Compendinm
979 3241 1092 3314 venit.
1113 3241 1165 3313 Et
1190 3266 1267 3314 cmn

212 3354 312 3442 inde,
335 3367 480 3452 peracto
498 3367 648 3452 propter
672 3354 770 3453 quod
792 3369 940 3429 venerat
959 3355 1128 3454 negotio,
1148 3380 1268 3430 rever·

211 3470 322 3557 tisset,
332 3470 491 3540 occurrit
504 3471 536 3542 ei
554 3467 809 3543 Hildibrandus
820 3471 871 3568 (5)
885 3469 956 3542 dux
970 3470 1177 3570 Spolitanna
1189 3496 1266 3544 cnm

243 3739 281 3809 (ι)
300 3736 415 3791 Preher.
428 3755 513 3789 sextas
524 3746 573 3789 nrt!
586 3755 729 3791 sacrarum
742 3741 892 3811 virginum.

243 3829 281 3898 (a)
300 3826 422 3880 Nuenar.
434 3843 504 3878 com.
520 3826 632 3880 ultionis
643 3827 816 3882 exemendoe.

242 3912 280 3985 (3)
298 3915 343 3970 Sic
364 3915 396 3967 D.
420 3913 505 3985 Bouq.
527 3931 590 3966 cnm
611 3915 678 3968 trib.
701 3914 782 3968 codd.
805 3914 859 3969 All.
882 3915 1114 3984 Antesiodorunn
1139 3919 1263 3974 Altaria·

209 4005 317 4059 dorum.

243 4095 282 4162 (d)
301 4092 392 4145 Nnen.
407 4109 477 4145 com.
495 4100 665 4162 repererunt.

244 4177 282 4245 (5)
302 4177 356 4233 All.
373 4177 591 4244 Hildebrandns,
607 4177 813 4232 Hilte'brandus.
