3000 5272
211 437 275 495 260
649 430 839 492 KAROLUS.

211 563 348 663 magnis
367 560 599 647 muneribus,
625 589 690 660 per
706 563 906 659 Baj0ariam
926 562 979 633 ire
995 561 1182 635 volentem
1191 630 1203 663 ‚
1219 562 1280 634 de-

210 681 292 752 duci
310 679 396 752 fecit
415 704 526 778 usque
544 680 763 750 Ravennam.
785 679 895 748 Causa
916 677 1092 750 adventus
1115 682 1192 777 ejus
1209 676 1280 751 haec

210 811 310 870 erat:
328 794 506 893 perlatum
520 810 572 865 est
590 793 633 864 ad
648 794 920 892 imperatorem,
941 808 1064 866 aestate
1076 794 1277 893 premite,

210 911 343 985 Christi
359 909 568 1008 sanguinem
584 910 620 981 in
635 910 783 981 Manttn
798 909 941 981 civitate
955 908 1063 981 fuisse
1076 922 1278 1008 repertum

210 1044 361 1128 propter
385 1024 453 1098 hoc
476 1026 575 1097 misit
597 1025 640 1097 ad
664 1051 809 1124 papam,
836 1040 959 1124 petens
985 1041 1029 1096 ut
1050 1022 1159 1125 hujus
1180 1025 1281 1099 samu

211 1143 399 1217 veritatem
417 1142 631 1240 inquireret.
651 1141 721 1234 Qui
740 1157 882 1239 accepta
901 1141 1089 1215 occasione
1109 1138 1279 1229 exeundi,

209 1261 330 1358 primo
349 1259 386 1329 in
404 1255 707 1356 Lattgobardiam,
726 1258 825 1357 quasi
846 1281 914 1355 pro
933 1255 1174 1356 inquisitione
1189 1282 1282 1357 prae-

209 1375 305 1447 dicta
320 1372 504 1473 profectus
519 1389 591 1461 est,
609 1372 762 1473 indeque
778 1389 924 1472 arrepto
940 1374 1089 1462 itinere,
1106 1372 1231 1449 subito
1242 1374 1281 1446 ad

210 1493 465 1591 imperatorem
492 1517 603 1590 usque
623 1491 808 1589 pervenit,
832 1490 1037 1590 mansitque
1061 1488 1161 1590 apud
1187 1490 1282 1562 ilium

209 1609 283 1682 dies
301 1625 406 1695 octo,
427 1625 464 1681 et
482 1610 575 1680 sicut
590 1607 727 1680 dictum
746 1625 815 1696 est,
836 1611 987 1682 Romam
1005 1608 1207 1708 repedavit.

665 2303 830 2376 DCCCV.

263 2466 346 2538 Non
364 2466 481 2539 multo
497 2481 581 2565 post
599 2466 759 2565 Caganus
781 2467 859 2563 (1),
882 2466 1049 2565 princeps
1070 2464 1279 2551 Hunorum,

214 2598 364 2681 propter
389 2584 635 2656 necessitatem
663 2582 789 2682 populi
815 2583 869 2655 sui
897 2585 1157 2682 imperatorem
1181 2586 1280 2671 adiit,

214 2700 399 2798 postulans
416 2700 482 2771 sibi
507 2702 628 2773 iocum
645 2700 721 2772 dari
743 2699 787 2772 ad
810 2700 1042 2774 habitandum
1063 2702 1163 2779 inter
1179 2701 1282 2777 Saha-

217 2817 309 2887 riam
329 2833 366 2889 et
387 2817 615 2889 Carisuntum
639 2819 714 2915 (a),
739 2817 996 2919 quiapropter
1020 2818 1281 2897 infestationem

217 2931 426 3005 Sciavorum
442 2934 479 3004 in
502 2932 664 3031 pristinis
686 2932 828 3006 sedibus
845 2961 1008 3010 essenon
1026 2952 1187 3035 poterat.
1209 2936 1280 3038 [11Ιί

218 3051 316 3124 enim
329 3076 477 3125 omnem
496 3067 629 3122 terram
648 3052 841 3125 Hunorum
854 3052 1135 3152 depopulantes,
1153 3052 1280 3131 Recto

221 3195 305 3241 nem
325 3183 412 3240 tunc
432 3165 558 3239 ducem
585 3166 814 3270 habuerunt]
833 3172 904 3269 (ὅ).
924 3172 1030 3243 Hunc
1049 3171 1108 3271 (4)
1132 3174 1283 3273 impera-

222 3300 282 3357 tor
305 3282 460 3382 benigne
484 3285 704 3384 suscepit-
725 3303 801 3359 erat
824 3287 921 3360 enim
942 3287 1106 3386 Gaganus
1126 3288 1283 3363 christis-

256 3516 298 3583 (ι)
316 3513 358 3566 Ita
370 3513 454 3567 habet
472 3513 505 3566 D.
522 3513 608 3586 Bouq.
626 3532 691 3567 cnm
707 3513 769 3567 cod.
789 3516 904 3568 Arman.
919 3522 949 3566 et
964 3512 1099 3568 Frehero.
1118 3544 1156 3557 -
1171 3514 1283 3571 Pertn'us

221 3621 286 3657 cum
299 3601 380 3655 codd.
397 3601 559 3657 Vindobon.
579 3601 648 3668 654,
664 3602 735 3674 ch.
754 3603 840 3656 Paris.
855 3599 942 3674 5924,
964 3602 1073 3656 Trevir.
1086 3614 1118 3658 et
1134 3603 1282 3660 flamm·

226 3692 387 3763 camanum
400 3690 491 3746 Codd.
501 3691 662 3746 vindobon.
681 3711 728 3746 iio
745 3703 773 3746 et
785 3710 856 3766 990:
876 3693 1008 3763 Capaaus
1016 3718 1025 3756 ,-
1042 3691 1170 3749 Nuenar.
1186 3710 1281 3753 como.

225 3780 363 3834 Cacanus.
378 3809 414 3819 —
426 3778 467 3832 De
487 3779 541 3831 hoc
554 3778 698 3851 diguitatis
711 3780 793 3852 regiae
810 3778 885 3852 apud
898 3779 997 3834 Hunos
1009 3778 1112 3849 titulo,
1128 3781 1180 3857 qui
1195 3780 1281 3837 meiius

222 3870 363 3942 Kaganus
374 3868 488 3935 dicitur,
501 3866 561 3921 vide
574 3885 656 3940 supra
674 3869 732 3922 Vis.
748 3870 862 3936 li'amli,
877 3887 907 3942 p.
920 3872 965 3938 42,
982 3881 1044 3925 not.
1058 3866 1088 3927 3.

258 3962 297 4030 (a)
315 3958 370 4013 All.
387 3958 549 4024 Carnutum,
570 3959 753 4013 Carnuntum.

257 4046 296 4119 (3)
315 4049 363 4102 Hae
373 4066 463 4113 voces,
480 4049 589 4101 uncinis
601 4047 725 4114 inclusae,
737 4067 797 4122 quae
807 4048 881 4120 apud
894 4048 927 4102 D.
941 4048 1028 4122 Bouq.
1041 4048 1186 4122 leguntur,
1196 4050 1225 4105 in
1234 4045 1280 4103 edi

223 4138 300 4190 tione
312 4138 455 4191 Pcrtziana
468 4155 524 4190 non
538 4137 661 4208 reperire
674 4149 726 4191 cst.

259 4231 296 4297 (4)
315 4229 458 4282 Pcrtzius:
479 4230 574 4295 Quem.
