3000 5272
218 420 279 483 27⁴
658 418 846 481 lttuotus.

218 578 371 651 vereque
389 550 581 625 inchoante
599 552 795 651 imperator
809 549 1072 650 Noviomagum
1085 546 1269 648 profectur,

219 685 399 743 transacto
422 668 472 741 ibi
490 668 782 770 quadragesimali
796 668 957 767 jejunio,
980 667 1164 742 celebrato
1178 668 1272 742 etim

215 802 338 861 sancto
361 785 509 872 Pascha,
539 787 671 858 iterum
690 787 808 886 Aquas
833 812 1011 886 regressus
1037 800 1105 860 est.
1133 789 1182 860 Et
1203 786 1274 887 quia

213 899 464 987 nuntiabatur,
493 899 736 974 Godofridum
759 927 881 1001 regem
908 899 1096 974 Danorum
1121 901 1161 973 in
1183 898 1275 973 Abo-

213 1019 328 1092 dritos
347 1045 430 1090 cum
446 1019 606 1092 exercitu
628 1017 825 1115 trajecisse,
847 1016 1023 1089 Karolum
1041 1015 1161 1089 filium
1181 1044 1275 1089 suum

213 1133 257 1207 ad
274 1132 416 1206 Albium
434 1160 516 1206 cum
533 1132 647 1203 valida
670 1133 893 1206 Francorum
913 1147 950 1206 et
972 1133 1276 1205 Saxonummanu

211 1250 330 1337 misit,
344 1247 477 1348 jubens
494 1274 624 1321 vesano
642 1248 715 1346 regi
734 1248 914 1339 resistere,
933 1247 960 1319 si
977 1248 1148 1321 Saxoniae
1165 1249 1276 1319 termi-

212 1392 279 1439 nos
293 1364 435 1464 aggredi
452 1378 657 1461 temptaret.
673 1361 742 1434 Sed
756 1361 816 1434 ille
829 1362 964 1434 stativis
977 1387 1043 1460 per
1055 1360 1202 1462 aliquot
1212 1360 1276 1435 dies

213 1483 251 1553 in
265 1481 390 1554 littore
404 1478 556 1565 habitis,
573 1480 783 1579 expugnatis
797 1479 904 1551 etiam
917 1494 953 1551 et
966 1503 1078 1551 manu
1090 1479 1208 1577 captis
1217 1479 1276 1550 ali·

211 1612 302 1695 quot
318 1595 528 1667 Selavorum
545 1594 718 1684 castellis,
741 1620 825 1664 cum
842 1618 973 1692 magno
996 1593 1188 1691 copiarum
1205 1618 1276 1665 sut·

210 1739 294 1784 rum
303 1709 523 1784 detrimento
532 1725 766 1783 reversusest.
775 1709 880 1796 Nam,
893 1708 977 1781 licet
986 1710 1274 1806 Trascouemn),

210 1824 621 1913 ducemAbodritorum,
632 1826 861 1926 popularium
868 1824 1195 1911 lideidiffidentem,
1207 1826 1276 1901 loeo

210 1942 421 2042 pepulisset,
432 1939 670 2023 Godelaibum
683 1942 752 2039 (2),
763 1940 873 2011 alium
883 1940 1009 2013 ducem
1017 1993 1029 2027 ,
1039 1939 1131 2016 dolo
1140 1956 1275 2041 mptum

211 2059 376 2160 patibulo
399 2059 658 2157 suspendisset,
682 2057 941 2133 Abodritorum
964 2058 1050 2130 duas
1071 2074 1197 2159 portes
1217 2056 1274 2131 sibi

211 2178 400 2278 vectigales
419 2177 576 2263 fecisset,
596 2178 754 2275 optimos
772 2192 892 2250 tamen
908 2175 1069 2248 militum
1085 2190 1275 2251 suorumet

210 2322 320 2367 manu
338 2295 626 2396 promptissimos
643 2295 783 2383 amisit,
805 2310 842 2367 et
859 2295 1009 2367 cumeis
1027 2293 1150 2367 filium
1167 2294 1275 2367 suauis

213 2413 266 2485 sui
275 2466 286 2501 ,
307 2414 454 2486 nomine
467 2410 728 2511 Reginoldum,
743 2412 806 2512 qui
826 2411 863 2484 in
880 2412 1155 2511 oppugnatione
1168 2416 1276 2511 cuju»

211 2527 294 2601 dam
309 2526 431 2626 oppidi
450 2551 533 2598 eum
547 2527 714 2626 plurimis
731 2528 916 2601 Danorum
931 2526 1161 2625 primoribus
1179 2529 1276 2601 iuter

212 2644 327 2718 sectus
346 2660 413 2718 est.
441 2644 552 2717 Filius
574 2660 694 2717 autem
718 2646 944 2743 imperatoris
964 2646 1121 2719 Kasolaas
1144 2644 1276 2721 Attium

214 2778 327 2862 ponte
340 2763 484 2862 junxit,
503 2778 539 2835 et
551 2763 746 2835 exercitum
762 2765 819 2835 cui
837 2778 991 2861 praeeant
1006 2763 1044 2835 in
1060 2764 1276 2861 Linoueffi)

216 2896 253 2953 et
262 2879 500 2979 Smcldingos,
512 2880 573 2980 qui
585 2896 622 2952 et
634 2881 699 2978 ipsi
713 2878 1004 2953 adGodofridum
1018 2906 1143 2981 regem
1153 2878 1276 2957 defece·

216 3012 318 3085 rant,
330 2998 779 3096 quantapotuiteeleritatc
790 2998 1022 3098 transposuit,
1033 3000 1277 3101 populatisque

217 3115 496 3214 circumquaque
514 3141 641 3188 eorum
660 3116 771 3216 agris,
793 3116 944 3189 transito
961 3100 1097 3191 iterum
1114 3116 1275 3199 llumiuc,

218 3256 301 3303 cum
315 3229 487 3302 incolumi
507 3233 666 3303 exercitu
685 3232 722 3303 in
741 3232 932 3305 Saxoniam
947 3258 984 3306 se
999 3233 1155 3332 recepit.
1173 3218 1277 3305 Enut

217 3373 301 3420 cum
327 3346 528 3421 Godofrido
557 3349 592 3420 iu
620 3350 847 3448 expeditione
879 3349 1051 3450 praedicta
1082 3351 1201 3425 Sclavi
1222 3350 1276 3451 qul

217 3465 391 3537 dicuntur
405 3463 550 3550 Wiltzi,
566 3466 628 3564 qui
643 3482 794 3565 propter
806 3466 971 3566 antiquas
982 3466 1277 3569 inimicitiuqm

218 3607 301 3653 cum
320 3577 505 3652 Abodritis
522 3577 654 3654 habere
675 3579 857 3668 solebant,
877 3597 1006 3680 sponte
1026 3608 1065 3655 se
1083 3582 1277 3684 copiisq'as

219 3701 506 3796 conjunxerunt,
533 3697 681 3797 ipsoque
702 3698 740 3769 in
759 3725 911 3796 reguum
933 3724 1039 3771 suum
1059 3714 1274 3781 revertente,

250 4022 290 4091 (a)
308 4018 362 4074 All.
382 4017 584 4082 wasconum,
601 4016 772 4072 Druscnnem
781 4045 789 4081 ,·
805 4018 926 4073 Nueuar.
940 4034 1055 4073 comen:
1075 4017 1272 4073 Tbmimm·

251 4113 292 4181 (α)
310 4108 353 4164 ΑΙ.
373 4106 570 4161 Godolaibum.

250 4197 289 4267 (3)
310 4198 361 4253 All.
379 4195 678 4262 La'lnur.t,llil1'nnne5.
