3000 5272
389 434 449 496 tot
824 429 1011 488 KAROLUS.

389 573 568 637 Saxonum
593 559 864 632 multitudinem
887 557 1057 642 ollendit,
1080 583 1162 657 quae
1186 582 1270 630 eum
1295 560 1443 634 transitu

388 681 547 753 fluminis
573 703 693 749 arcere
715 674 925 749 conabatur.
948 674 1015 747 Sed
1034 673 1178 746 frustra.
1198 673 1290 747 Nam
1318 676 1356 749 in
1376 677 1444 774 pri·

388 824 443 869 ma
455 795 704 893 congressione
715 792 807 891 pulsi
819 791 1002 892 fugatique
1014 808 1097 863 sunt
1115 809 1150 865 et
1162 819 1311 893 magnus
1324 818 1444 868 eorum

389 936 558 983 numerus
578 906 708 980 ibidem
727 906 935 979 intersectas
949 923 1019 993 est,
1038 922 1074 978 et
1092 909 1146 1005 (1)
1162 934 1238 996 rex,
1255 934 1362 982 amne
1377 924 1446 981 tra·

384 1032 498 1127 jecto,
526 1042 733 1123 camparte
758 1025 932 1097 exercitus
957 1023 1000 1094 ad
1028 1023 1205 1095 Ovacrum
1230 1025 1284 1121 (a)
1300 1024 1445 1097 lluvinm

387 1142 600 1231 contendit,
622 1139 683 1211 ubi
702 1142 732 1213 ei
751 1141 847 1213 Hessi
866 1144 933 1237 (3),
954 1167 1047 1212 unus
1066 1140 1325 1238 eprimoriltus
1342 1143 1446 1216 Saxo·

388 1285 494 1344 num,
513 1284 595 1328 cum
610 1254 778 1329 omnibus
796 1255 937 1328 Ostsalis
956 1256 1010 1352 (d)
1025 1280 1236 1341 occurrens,
1257 1271 1295 1330 et
1313 1256 1446 1331 obsidet

386 1402 477 1475 quos
493 1402 552 1447 rex
571 1375 804 1472 imperaverat
816 1373 931 1457 dedit,
947 1387 983 1444 et
994 1388 1255 1445 sacramentum
1272 1371 1446 1447 fidelitatis

382 1495 529 1590 juravit.
551 1491 637 1562 lade
660 1489 913 1588 reg1·esso(5),
933 1514 1015 1558 cum
1042 1489 1078 1559 in
1103 1514 1233 1587 pagum
1254 1489 1321 1588 qui
1342 1489 1446 1561 Bucli

389 1622 538 1680 vocatur
565 1605 802 1703 pervenisset,
831 1601 997 1701 Angrarii
1026 1629 1108 1673 cum
1134 1603 1204 1674 suis
1230 1602 1448 1702 primoribus

389 1738 646 1808 occurrerunt,
673 1738 708 1793 et
732 1721 825 1791 sicut
845 1718 993 1806 oaldi,
1015 1723 1117 1817 juxta
1138 1718 1235 1818 quod
1256 1720 1448 1819 imperave-

389 1855 465 1922 rat,
485 1837 624 1911 obsides
647 1863 686 1906 ac
707 1849 923 1906 sacramenta
938 1833 1116 1906 dederunt
1130 1835 1197 1931 (6).
1218 1836 1361 1908 Interea
1374 1862 1448 1935 pars

389 1956 565 2030 exercitus
583 1979 690 2051 quam
712 1951 754 2023 ad
770 1953 958 2023 Wisuram
975 1950 1128 2038 dimisit,
1147 1953 1185 2024 in
1207 1976 1250 2024 eo
1266 1950 1373 2040 loco,
1391 1953 1447 2054 qai

390 2072 556 2146 Hlidbeki
572 2072 625 2168 (7)
644 2069 946 2154 i'ocatu1·,cast1·is
969 2068 1112 2166 positis,
1136 2069 1277 2142 incaute
1293 2095 1332 2143 se
1351 2094 1449 2169 agen·

389 2192 436 2262 do
454 2190 529 2287 (ὃ),
556 2188 740 2257 Saxonum
766 2183 890 2255 fraude
907 2184 1149 2256 circumventa
1175 2200 1283 2282 atqtm
1309 2183 1448 2284 decepta

390 2321 455 2378 est.
485 2306 575 2377 Nam
598 2329 680 2374 cum
707 2298 931 2398 pabulatores
958 2301 1178 2372 Francorum
1206 2301 1301 2374 circa
1322 2327 1449 2375 nouam

390 2420 459 2492 diei
478 2419 603 2491 horam
617 2431 884 2489 reverterentur
898 2416 936 2486 in
955 2431 1085 2503 castra,
1102 2417 1258 2490 Saxones
1268 2417 1339 2505 eis,
1355 2418 1448 2518 quasi

391 2554 428 2609 et
441 2538 505 2635 ipsi
519 2561 645 2608 eorum
658 2533 742 2606 socii
759 2548 888 2619 essent,
903 2559 976 2604 sese
986 2532 1222 2620 miscuerunt,
1232 2558 1273 2605 ac
1283 2535 1336 2605 sic
1348 2535 1449 2608 Faun-

392 2669 648 2727 c01·umcastra
671 2652 817 2750 ingressi
838 2665 941 2736 sunt,
970 2648 1260 2748 dormientesque
1287 2676 1330 2724 ac
1350 2653 1449 2726 seuu-

392 2794 537 2843 somnos
556 2768 672 2839 adorti
692 2768 763 2864 (9),
784 2793 859 2838 non
882 2765 1059 2837 modicam
1072 2767 1224 2839 incautae
1245 2768 1449 2842 multitudi-

394 2887 449 2957 uis
462 2885 594 2957 caedem
606 2883 727 2954 fecisse
738 2883 921 2954 dicuntur.
935 2883 1003 2955 Sed
1013 2884 1237 2982 vigilantium
1251 2910 1294 2957 ac
1303 2886 1449 2961 virilitta

393 3000 634 3073 resistentium
647 2999 781 3069 virtute
794 2998 923 3094 repulsi
950 2999 1049 3096 (ιο),
1070 3001 1192 3072 castris
1210 3019 1447 3087 excesserunt,

392 3135 485 3192 etex
503 3133 608 3216 pacto
626 3112 725 3215 quod
744 3114 914 3186 intereos
935 3115 972 3186 in
992 3116 1050 3187 tali
1070 3118 1278 3193 necessitate
1292 3118 1380 3197 lieri
1396 3144 1448 3221 po

429 3404 468 3471 (ι)
486 3399 556 3454 Cod.
572 3397 731 3453 vindobon.
743 3415 814 3470 99⁰²
832 3399 913 3452 Taac
926 3417 985 3452 rex.

429 3490 468 3558 (2)
487 3486 540 3541 All.
559 3485 725 3551 Ouacerum,
743 3484 893 3538 Obacrum.

430 3574 468 3647 (5)
489 3575 523 3627 Ι).
535 3573 620 3644 [louq-
635 3571 724 3625 llcsso
732 3597 738 3631 ,·
752 3571 808 3626 All.
819 3572 987 3639 Ilessuiaas,
999 3573 1028 3627 E
1029 3576 1164 3640 sewinus,
1178 3573 1344 3634 Hessamus.

430 3665 469 3732 (4)
487 3663 584 3715 Perta:
604 3658 752 3731 ostfalais,
768 3669 796 3712 et
810 3662 848 3713 ita
862 3660 990 3732 deinceps
1008 3659 1141 3732 ostfalai,
1162 3662 1319 3737 Westsalai.

430 3750 469 3823 (5)
488 3749 602 3804 Frelier.
616 3748 691 3801 etl).
706 3747 794 3821 Bonq.
813 3750 838 3802 1.
854 3768 987 3802 reversus.

433 3840 471 3912 (6)
490 3839 603 3895 Frchcr.
614 3848 642 3891 ct
650 3838 683 3890 D.
694 3839 781 3910 llouq.
792 3839 903 3893 absidas
911 3838 1049 3893 dederunt
1059 3849 1085 3892 et
1095 3851 1270 3896 sacramenta
1280 3843 1441 3916 juraveruut.

432 3936 471 4008 (7)
490 3929 545 3986 All.
557 3926 699 3990 Iluam-t,
710 3927 864 3981 Hudbecta.

431 4022 471 4093 (8)
488 4020 520 4074 Ι).
533 4020 619 4090 Bouq.
633 4035 695 4070 cum
710 4017 822 4071 Freher.
837 4028 864 4071 et
876 4016 938 4069 cod.
955 4016 1115 4073 l'indobou.
1132 4037 1197 4072 110:
1215 4023 1325 4078 incaute
1338 4041 1427 4095 ageas·

431 4117 472 4186 (9)
490 4109 605 4166 Freltee.
620 4117 647 4161 ct
660 4108 692 4160 D.
708 4106 795 4181 Bouq.
808 4106 1027 4179 dormientesque
1041 4112 1177 4180 aggressi.

430 4208 488 4268 (ιο)
506 4201 539 4253 Ι).
554 4200 639 4271 llouq.
654 4216 718 4252 cum
730 4197 842 4251 Freher.
856 4207 884 4252 et
893 4196 954 4251 cod.
968 4197 1075 4253 Treuir.
1091 4199 1233 4270 compulsi.
