3000 5272
212 390 273 451 232
647 385 836 447 imbutus.

209 521 315 608 dens,
336 519 386 591 ibi
404 535 440 592 et
456 517 617 591 Natalem
628 519 774 593 Domini
792 531 829 588 et
842 512 973 588 Pascha
985 538 1091 588 more
1102 512 1263 613 solitop)

211 637 414 712 celebravit.

637 935 873 1011 nccxcvu.
944 900 952 913 ’

260 1085 459 1157 Barcinona
479 1085 603 1155 civitas
621 1085 657 1156 in
676 1083 792 1157 limite
807 1083 1002 1182 Hispanico
1019 1084 1109 1172 sita,
1127 1106 1214 1185 quae
1227 1083 1273 1153 al·

211 1215 377 1274 ternanto
394 1225 515 1272 rerum
533 1215 664 1273 eventu
680 1224 779 1273 nunc
792 1199 1017 1275 Francorum
1037 1224 1141 1273 nunc
1158 1199 1273 1271 Sarra-

211 1341 383 1391 cenorum
401 1314 532 1388 ditioni
554 1313 799 1390 subiciebatur
814 1318 887 1414 (a),
909 1315 1056 1393 tandem
1071 1342 1140 1417 per
1156 1316 1274 1391 Zatunr

210 1434 468 1522 sarracenum,
484 1434 547 1535 qui
562 1449 650 1505 tunc
663 1460 741 1507 eam
759 1432 956 1523 invaserat,
970 1436 1045 1536 regi
1058 1433 1204 1509 reddita
1216 1449 1272 1508 est.

211 1550 304 1622 Nam
323 1550 351 1623 is
372 1549 504 1623 aestatis
523 1549 630 1623 initio
647 1549 869 1652 Aquasgrani
886 1551 931 1625 ad
946 1577 1068 1652 regem
1085 1552 1213 1639 venit,
1229 1575 1276 1623 so·

209 1695 281 1770 que
297 1694 379 1740 cum
396 1683 592 1741 memorata
608 1668 750 1741 civitate
767 1685 963 1767 spontanea
979 1667 1169 1742 deditione
1191 1666 1275 1739 illins

209 1785 377 1884 potestati
395 1784 559 1882 permisit
577 1784 644 1881 (ὅ)
669 1784 746 1877 Quis
763 1801 925 1885 recepta,
947 1812 1012 1859 rex
1034 1784 1157 1858 filium
1181 1810 1276 1857 suam

209 1899 465 1973 llludowicum
491 1898 534 1972 ad
561 1899 789 1975 obsidionem
814 1900 915 1975 Oscae
942 1927 1026 1973 cum
1054 1901 1275 1981 exercituin

210 2016 417 2116 Hispaniam
440 2016 559 2106 misit,
585 2016 720 2115 etipse
744 2044 845 2092 more
868 2018 995 2107 solito,
1022 2033 1179 2119 propter
1200 2043 1276 2091 oon-

210 2132 432 2207 tundendam
457 2135 511 2231 (b)
535 2132 683 2233 perfidae
708 2135 825 2233 gentis
851 2135 1142 2225 contumaciam,
1171 2136 1276 2208 Saro-

210 2249 307 2321 niam
332 2263 534 2321 vastaturus
562 2251 724 2322 intravit.
756 2251 832 2324 Nec
860 2252 961 2350 prius
989 2251 1148 2339 destitit,
1177 2277 1276 2353 quarn

210 2391 335 2440 omnes
355 2367 530 2440 terminos
549 2369 622 2464 ejus
640 2382 872 2467 peragrasset.
893 2368 988 2440 Nam
1003 2392 1120 2471 mque
1138 2368 1185 2443 ud
1202 2367 1276 2440 ulti-

209 2508 288 2555 mos
312 2481 400 2556 fines
423 2487 518 2580 ejus,
537 2510 606 2583 qua
626 2484 722 2556 inter
738 2482 862 2556 Albim
878 2500 915 2558 et
934 2486 1123 2557 Wisuram
1141 2484 1276 2559 Oceano

209 2599 378 2688 alluitur,
411 2601 568 2673 accessit.
598 2600 686 2672 lnde
716 2627 918 2701 regressus,
948 2626 1033 2673 cum
1058 2600 1275 2703 Aquasgmni

210 2716 387 2804 venisset,
414 2715 536 2816 ibique
551 2714 741 2791 abdellam
756 2719 1016 2810 sarracenum,
1041 2718 1161 2792 filium
1183 2718 1277 2792 lbin-

211 2832 340 2932 Mauge
362 2833 416 2930 (5)
438 2834 550 2930 regis,
572 2833 617 2909 de
637 2834 851 2908 Mauritania
873 2833 918 2907 ad
934 2862 970 2909 se
986 2836 1198 2913 venientem
1212 2861 1277 2908 sus·

212 2949 379 3047 cepisset,
395 2950 622 3051 legatumque
635 2952 774 3025 Nicetae
785 2954 927 3051 patricii
942 2953 1005 3053 qui
1021 2969 1112 3027 tunc
1126 2953 1277 3027 Siciliam

210 3065 446 3165 procurabat,
463 3068 610 3141 nomine
622 3068 891 3156 Theoctistum,
907 3070 1046 3143 litteras
1056 3071 1277 3171 imperatoris

210 3181 255 3256 de
278 3184 595 3283 Constantinopoli
619 3186 741 3258 missas
762 3185 984 3260 deferentem
1000 3185 1178 3276 audisset,
1198 3212 1276 3263 con·

211 3297 332 3373 silium
351 3299 450 3386 iniit,
470 3315 511 3370 ut
527 3317 679 3399 propter
693 3301 960 3376 conficiendum
977 3303 1200 3379 Saxonicum
1212 3298 1275 3377 bel·

247 3639 287 3705 (a)
306 3635 355 3689 Has
366 3634 426 3688 duae
438 3652 516 3690 voces
528 3655 565 3689 m.
583 3656 605 3689 s.
620 3635 720 3689 desunt
730 3634 804 3707 apud
819 3634 909 3689 Nuen.
926 3651 996 3689 com.
1013 3643 1043 3688 ct
1057 3632 1094 3688 D.
1106 3633 1196 3709 bouq.
1211 3634 1270 3689 etin

212 3724 274 3780 cod.
290 3725 399 3780 Treuir.

246 3818 286 3888 (a)
303 3815 373 3872 cod.
387 3815 548 3870 Vindobon.
563 3813 615 3880 (ubl
630 3839 634 3867 :
652 3816 805 3870 subiciebat
814 3841 821 3878 ,·
838 3815 900 3870 cod.
916 3814 987 3887 Reg.
1006 3813 1095 3869 Paris.
1108 3812 1180 3889 59²⁴
1194 3838 1199 3866 :
1213 3810 1267 3867 sub·

208 3906 331 3978 iacebat.

247 3993 286 4065 (3)
305 3993 338 4047 D.
354 3994 443 4065 Bouq.
454 4011 517 4046 cum
533 3992 656 4046 Nuenar.
668 3995 787 4047 comite:
803 3993 940 4049 submisit.

247 4086 285 4155 (l)
306 4083 391 4138 iidem
406 4107 411 4134 τ
428 4082 468 4135 ud
480 4081 716 4136 contundendam.
732 4084 777 4137 Sic
790 4095 819 4139 et
831 4084 901 4138 infra
912 4082 952 4137 nd
963 4101 1013 4155 pro
1025 4090 1150 4154 propter.

248 4173 286 4246 (5)
306 4174 359 4229 ΑΙΙ.
378 4175 552 4246 Ibiinmuuge
560 4218 567 4241 ,
581 4173 763 4245 Ibimmuugr.
