3000 5272
656 417 843 479 KAROLUS.

607 609 886 685 ncctxxxv.

264 769 357 842 Cum
375 770 425 842 ibi
440 768 595 843 hiemare
614 768 847 861 decrevisset,
866 768 987 841 accitis
998 783 1106 869 atque
1120 768 1277 845 adduct's

214 883 259 959 ad
271 911 310 958 se
322 910 488 959 uxore-ac
500 882 645 976 liberis,
658 883 858 984 relictoque
869 885 884 982 (
892 885 924 983 ι)
937 909 1024 957 cum
1036 882 1087 959 eis
1103 883 1144 957 in
1158 882 1277 959 endon

214 1019 332 1078 castro
350 1003 407 1102 (a)
425 1003 509 1075 satis
520 1003 594 1077 fido
609 1029 650 1076 ac
667 1003 775 1077 firmo
788 1002 972 1102 praesidio,
985 1002 1062 1101 ipse
1078 1028 1165 1075 cum
1181 1028 1278 1103 expc-

213 1120 286 1193 dita
303 1147 414 1193 manu
431 1121 475 1194 ad
489 1121 672 1196 Saxonum
687 1147 796 1221 pagos
812 1120 1001 1194 vastandos
1016 1145 1057 1195 ao
1076 1119 1183 1195 vittas
1196 1119 1277 1195 diri·

213 1237 359 1338 piendas
385 1265 562 1339 egressus,
596 1239 795 1339 inquietam
824 1237 907 1311 satis
935 1235 1112 1324 hiemem,
1147 1234 1277 1337 ubique

211 1354 447 1431 discurrendo
470 1373 508 1430 et
533 1371 661 1429 cuncta
683 1354 839 1428 caedibus
864 1371 973 1454 atque
1000 1351 1178 1428 incendiis
1191 1379 1278 1452 ¹pcr-

211 1471 417 1561 miscendo,
446 1486 519 1543 tam
541 1496 606 1570 per
635 1497 671 1543 se
696 1472 835 1570 ipsum,
852 1495 962 1569 quam
986 1494 1052 1568 per
1067 1468 1179 1543 duces
1192 1492 1276 1568 quos

211 1589 378 1678 miserat,
392 1585 592 1683 Saxonibus
604 1583 772 1660 reddidit.
793 1586 957 1685 Cumque
968 1582 1073 1683 hujus
1090 1581 1194 1657 modi
1210 1607 1277 1655 vm·

212 1702 408 1779 tationibus
420 1730 487 1803 pcr
501 1718 621 1776 totum
635 1700 779 1776 hiberni
796 1701 970 1800 temporis
987 1699 1146 1799 spatium
1158 1722 1277 1775 omues

211 1817 287 1895 fere
302 1821 486 1893 Saxonum
501 1821 665 1920 regiones
684 1820 822 1919 ingenti
837 1817 936 1892 clade
952 1817 1146 1906 affecisset,
1165 1833 1278 1891 mns-

209 1952 288 2010 acta
305 1937 452 2012 tandem
469 1937 586 2012 hieme
607 1953 644 2010 et
663 1936 817 2011 advectis
844 1937 901 2034 (ὅ)
927 1961 972 2010 ex
1000 1935 1153 2009 Francia
1182 1958 1278 2009 oom-

211 2051 607 2154 meatihus‚publicum
619 2053 745 2152 populi
763 2055 817 2126 sui
835 2066 1057 2126 conventum
1070 2052 1110 2125 in
1122 2049 1277 2151 locoqui

210 2167 420 2243 Padrabrun
445 2185 617 2258 vocatur,
647 2195 751 2243 more
781 2169 933 2244 solemni
962 2167 1100 2242 habuit.
1133 2168 1189 2243 Ao
1215 2191 1277 2267 pe·

211 2284 410 2376 matianis,
430 2313 512 2386 quae
528 2285 573 2359 ad
593 2287 689 2359 illius
707 2302 906 2361 conventus
921 2287 1102 2360 rationem
1124 2286 1276 2385 pertinc-

212 2401 321 2496 bant,
336 2407 375 2477 in
390 2430 522 2505 pagum
538 2403 715 2479 vocabulo
728 2403 939 2503 Bardengoo
953 2405 1009 2502 (4)
1023 2401 1276 2505 proficiscitur,

213 2517 337 2619 ibique
349 2519 495 2594 audiens
510 2520 778 2594 Widokindum
802 2546 842 2592 ac
856 2519 912 2619 (5)
925 2517 1135 2603 Abbionem
1154 2542 1229 2595 etse
1241 2518 1275 2590 in

212 2635 452 2710 transalbiana
470 2638 655 2713 Saxonum
666 2639 828 2738 regione,
841 2638 962 2736 primo
974 2637 1023 2710 eis
1035 2662 1101 2737 per
1108 2637 1275 2724 Saxones,

213 2767 255 2825 ut
270 2754 398 2827 omissa
414 2753 564 2852 perfidia
582 2754 625 2827 ad
643 2782 742 2827 suam
759 2754 868 2828 fidem
888 2754 1011 2828 venire
1030 2739 1277 2853 nonambige·

213 2883 318 2960 rent,
332 2869 478 2943 suadem
491 2871 619 2969 coepit.
634 2871 798 2970 Cumque
812 2870 899 2969 ipsi,
913 2868 1120 2961 facinorum
1131 2893 1276 2946 suorum

215 2982 283 3055 sibi
299 2985 454 3074 conscii,
473 2986 564 3084 regis
581 2983 664 3058 fidei
681 3010 717 3057 sc
727 2987 954 3059 committere
966 2984 1193 3078 dubitarent,
1207 3000 1276 3057 tan·

214 3099 295 3174 dem
306 3115 449 3199 accepta
466 3099 512 3171 ab
530 3126 587 3188 eo,
606 3126 713 3200 quam
727 3099 916 3199 optabant,
935 3100 1162 3200 impunitatis
1176 3125 1276 3201 spon

215 3219 332 3306 sione,
356 3233 463 3316 atque
487 3218 704 3315 impetratis,
723 3244 814 3318 quos
838 3217 905 3291 sibi
921 3218 998 3291 dari
1016 3216 1273 3318 precabantur,

248 3494 288 3563 (1)
306 3491 428 3547 Nuenar.
443 3506 535 3546 comet
549 3513 555 3545 ε
571 3488 694 3546 reducto.

249 3583 289 3651 (a)
307 3581 341 3635 D.
360 3581 447 3654 Bonq.
466 3598 531 3635 cum
549 3580 673 3636 Nucnar.
688 3581 789 3636 comite
808 3605 813 3634 :
831 3584 859 3635 in
874 3580 972 3636 eadem
986 3600 1059 3634 am.
1071 3608 1106 3621 -
1118 3579 1272 3637 therutt

216 3676 291 3725 intra
303 3669 401 3724 eadem
412 3680 513 3724 castra.

250 3758 289 3832 (5)
307 3760 463 3823 Frcherus:
480 3757 620 3813 adductis.
683 3756 692 3769 '

250 3851 289 3920 (A)
308 3848 362 3904 All.
379 3847 543 3918 Burdengo,
559 3846 772 3919 Bardengoum‚
787 3844 969 3918 Burdengou.

250 3936 290 4010 (5)
309 3962 322 3990 e
334 3938 385 3993 Aa
396 3953 491 3992 omnes
503 3945 601 4008 practer
615 3934 787 3990 Nuennrinm
800 3935 850 4008 qui
863 3945 890 3990 ct
901 3935 987 4009 legin
999 3935 1042 3991 ad
1049 3936 1210 3993 Abbtnncm
1220 3935 1275 3991 loco

216 4025 294 4098 apud
306 4026 463 4079 Abbionem
476 4021 530 4074 dici
541 4039 619 4092 posse
631 4039 687 4075 non
701 4019 821 4088 videtur,
832 4040 918 4094 quare
931 4043 965 4077 nc
978 4023 1172 4097 rosimundam
1185 4024 1276 4080 statui.

214 4114 299 4169 Poeta
310 4115 394 4169 etiam
406 4113 477 4167 Saxo
489 4119 538 4164 aut
550 4130 584 4163 ac
597 4120 646 4164 aut
656 4120 683 4164 et
691 4108 790 4183 legisse
800 4109 935 4168 videtur»
949 4113 1067 4183 (Perta).
1079 4142 1118 4159 -
1130 4114 1185 4170 mc
1198 4112 1275 4169 iubet

219 4202 252 4255 D.
268 4203 393 4275 Bouquet
409 4226 413 4253 ε
434 4201 470 4255 W
469 4198 624 4254 idilcindum
636 4209 662 4253 et
675 4200 830 4256 Albionem.
